4464 5880
1050 474 1099 546 23

228 688 384 764 optetque,
407 681 568 760 eloquitur.
612 679 660 739 Eo
681 678 792 741 deindo
814 680 976 740 transitum
999 685 1064 754 est,
1088 686 1120 739 ut
1142 679 1234 738 rebus
1257 678 1405 739 dedicans
1429 697 1487 738 uox
1516 680 1601 756 quasi
1624 680 1841 761 attingeretur,
1864 703 1923 761 qua

227 806 461 882 praetereuntes
486 797 729 876 alloquerentur,
752 804 794 871 et,
816 816 877 878 quo
899 816 991 859 sensu
1014 804 1184 859 commotus
1206 797 1319 860 luisset
1340 797 1509 859 dedicantis
1533 799 1668 872 animus,
1692 801 1857 880 proderent
1879 808 1922 863 at·

227 938 287 999 quc
309 920 341 979 in
363 917 500 980 eiusdem
521 923 625 997 partes
647 916 784 978 lecturos
805 922 962 978 vocarent.
1007 917 1040 978 ln
1063 916 1266 979 Anacreontis
1288 936 1338 996 ep.
1355 917 1445 977 luth.
1468 916 1502 976 Ρ.
1525 917 1576 978 vl.
1601 913 1663 978 143
1678 919 1846 999 quicunque
1867 920 1923 982 do·

227 1038 344 1110 narium
368 1043 562 1119 spectaturus
582 1042 642 1110 cst,
676 1041 710 1096 ut
743 1055 800 1116 pro
835 1035 1019 1097 dedicatoria
1053 1035 1150 1096 sainte
1183 1034 1375 1097 Mercurium
1397 1035 1528 1111 invocet,
1551 1043 1701 1098 monetur.
1746 1036 1921 1119 Simplicius

227 1155 400 1218 Simonides
421 1155 585 1237 tripodem,
608 1154 647 1215 ris
669 1154 808 1217 Hierone
830 1162 862 1215 et
894 1154 1042 1216 frutribus
1064 1153 1248 1232 dedicatum,
1272 1174 1322 1216 res
1355 1155 1437 1215 lrelio
1470 1155 1615 1217 adversus
1638 1155 1920 1236 Carthaginienses,

226 1274 411 1349 dividetur,
434 1281 538 1354 gestas
559 1272 789 1354 praedicantem
811 1272 927 1333 inducit
949 1272 1001 1348 (A.
1017 1272 1050 1333 P.
1066 1270 1116 1334 Vl.
1132 1268 1219 1351 214).
1265 1273 1339 1335 Levi
1355 1275 1523 1335 mutatione
1545 1274 1638 1349 facta,
1661 1275 1819 1337 donarium
1841 1296 1921 1351 enm,

226 1392 576 1474 quidedicarit(A.P.
599 1387 761 1472 111213),
792 1391 841 1453 rel
873 1392 941 1475 ipse
973 1393 1065 1472 potita
1098 1390 1291 1455 dedicantem
1324 1393 1489 1475 alloquitur
1511 1395 1559 1472 (A.
1583 1393 1616 1454 Ρ.
1639 1393 1690 1455 Vl.
1714 1389 1800 1470 197).
1844 1395 1921 1456 Com

226 1512 368 1592 denique,
392 1513 443 1591 qui
466 1511 633 1586 dedicavit,
654 1512 723 1591 ipse
751 1506 824 1591 quid
851 1509 984 1590 gesserit
1006 1517 1040 1570 et
1066 1528 1126 1589 quo
1149 1510 1278 1574 consilio
1300 1488 1530 1574 mouumentum
1552 1515 1697 1590 erexerit,
1720 1533 1775 1574 suo
1797 1514 1921 1575 nomine

226 1631 351 1711 exponit
372 1632 426 1710 (Α.
443 1631 477 1691 Ρ.
496 1628 551 1720 ¹lii.
576 1625 663 1711 197),
685 1636 751 1692 tum
784 1648 874 1690 omne
897 1648 1005 1691 sensus
1039 1629 1182 1690 morendi
1215 1649 1333 1706 munus,
1355 1630 1447 1690 rebus
1480 1633 1720 1710 repraesentatis
1753 1632 1919 1713 demptum,

225 1749 294 1829 ipso
316 1749 449 1810 carmine
472 1749 623 1830 expletur,
645 1755 677 1809 et
699 1745 886 1830 epigramma
908 1749 1022 1827 lyricae
1054 1723 1158 1828 palisi,
1181 1748 1279 1828 quoad
1309 1749 1374 1808 eius
1402 1749 1470 1808 fieri
1492 1756 1608 1828 potest,
1630 1751 1770 1830 proxime
1793 1750 1920 1812 accedit.

226 1865 320 1928 (iuius
342 1887 361 1930 e
383 1869 549 1946 generibus
581 1867 758 1933 firmissimo
781 1866 989 1931 similitudinis
1012 1874 1044 1928 et
1066 1867 1153 1946 quasi
1175 1866 1411 1929 necessitudinis
1432 1868 1552 1927 vinonio
1573 1887 1641 1929 cum
1664 1869 1763 1948 elegio
1796 1870 1920 1931 coniun-

226 1991 309 2047 ctum
340 1993 473 2059 tenetur,
495 1987 608 2067 quippe
630 2006 698 2046 cum
721 1988 842 2064 utrique
866 1986 973 2047 eadem
997 1986 1037 2046 sit
1069 1985 1126 2058 lex,
1151 1994 1183 2046 ut
1205 1986 1298 2045 arrimi
1320 1995 1446 2047 externa
1467 1987 1566 2065 aliqua
1589 2006 1623 2047 re
1645 1989 1789 2047 commoti
1812 2005 1920 2048 sensus

227 2104 397 2184 exprimunt
419 2122 454 2164 ac
482 2103 656 2185 depingant.
696 2092 852 2165 ¹Dillerunt
883 2111 985 2165 tamen
1018 2124 1067 2184 eo,
1100 2104 1179 2185 quod
1211 2106 1241 2165 in
1275 2106 1382 2184 elegia,
1406 2111 1556 2184 quotquot
1588 2105 1734 2186 deinceps
1757 2107 1787 2166 iu
1810 2106 1922 2181 animo,

226 2230 391 2284 nascuntur
413 2241 521 2284 sensus
544 2230 714 2302 motusque,
737 2223 853 2284 effundi
874 2224 960 2303 quasi
984 2243 1019 2283 ac
1042 2223 1151 2284 confici
1174 2223 1307 2297 soleant,
1331 2221 1550 2304 epigrammate
1566 2244 1643 2286 unus
1666 2232 1782 2286 tuntum
1805 2244 1913 2287 sensus

226 2360 285 2401 nna
306 2342 476 2417 sententie,
499 2361 577 2421 quae
604 2347 703 2402 totum
731 2341 863 2403 animum
892 2347 1064 2401 commovet
1091 2344 1122 2401 et
1145 2342 1294 2422 complet,
1318 2343 1498 2422 exprimitur
1520 2353 1611 2423 atquc
1632 2346 1818 2420 illustratur,
1840 2343 1919 2404 unde

226 2466 296 2520 nats
317 2465 368 2520 est
389 2461 456 2521 eius
479 2479 597 2521 summu
618 2462 650 2521 in
670 2461 821 2522 brevitate
845 2478 963 2520 summa
984 2461 1029 2518 ris
1052 2466 1085 2520 et
1107 2460 1285 2521 efficacitas.
