4464 5880
17 4796 73 4849 ³*

3 4850 20 4871 l

1118 478 1165 554 18

293 688 456 767 generalis,
470 686 644 766 probamus,
656 681 776 742 etiamsi
791 681 995 760 antiquiorum
1020 684 1180 761 probrorum
1197 702 1292 764 pauca
1307 680 1482 757 huiusmodi
1496 683 1715 765 epigrammata
1729 685 1985 768 inveniantur⁵⁸);

293 806 341 867 sin
362 824 435 867 uero
456 803 509 865 illo
539 800 662 861 nomine
691 801 783 861 etiam
813 820 849 860 ea
871 801 1004 860 carmina
1026 801 1175 880 appellari
1196 821 1290 882 posse
1311 808 1435 882 putarit,
1457 803 1568 881 quibus
1589 805 1654 867 sola
1676 806 1830 869 sententia
1850 806 1986 884 effertur,

293 944 337 1000 re,
359 923 438 984 uude
470 919 555 998 quasi
591 925 662 999 apta
689 919 839 1000 pendeat,
873 938 935 979 non
969 918 1086 995 addita,
1107 920 1168 981 hoc
1200 920 1232 981 in
1254 921 1434 1000 antiquioris
1457 921 1567 983 saltum
1588 923 1699 986 aetatis
1721 924 1857 996 mentina
1876 925 1987 987 cadere

293 1042 380 1103 enixe
402 1057 557 1117 negamus.
601 1036 668 1115 Qua
694 1038 732 1098 de
754 1058 789 1098 rc
811 1037 883 1117 quid
906 1035 1082 1115 sentiamus,
1104 1039 1280 1119 priusquam
1311 1040 1480 1103 accuratius
1495 1046 1673 1120 exponatur,
1695 1038 1736 1103 de
1756 1040 1874 1107 duabus
1893 1044 1988 1106 rebus

292 1157 475 1221 monendum
497 1165 555 1232 est,
578 1177 664 1235 quae,
677 1158 749 1216 licet
771 1156 847 1217 adeo
870 1157 1052 1218 manifestae
1075 1159 1146 1234 sint,
1167 1163 1202 1218 nt
1223 1157 1432 1238 disputatione
1449 1178 1542 1238 egere
1564 1179 1624 1233 non
1638 1160 1807 1239 uideantur,
1821 1162 1987 1232 multorum

291 1285 392 1339 umen
415 1295 555 1336 errorum
586 1296 710 1337 caussae
738 1277 871 1338 fuerunt.
915 1275 1052 1336 Primum
1083 1283 1232 1356 quotquot
1253 1277 1284 1337 io
1307 1275 1422 1338 Codice
1443 1277 1581 1341 Palatino
1609 1284 1731 1342 exstant
1757 1279 1920 1360 poematia,
1950 1299 1989 1343 ea

290 1413 389 1475 neque
411 1394 521 1470 omnia,
544 1415 601 1455 nec
623 1401 751 1475 propter
765 1396 864 1475 ipsam
886 1395 965 1456 hanc
988 1394 1092 1456 sedem
1121 1414 1178 1476 pro
1207 1394 1437 1475 epigrammatis
1464 1395 1604 1457 habentia
1627 1403 1707 1459 sunt.
1751 1397 1901 1479 Exemplo
1924 1399 1986 1460 sint

291 1513 504 1587 Anacreontis,
527 1533 603 1592 quae
626 1513 777 1590 feruntur,
801 1513 935 1575 carmina
957 1513 1017 1574 duo
1039 1513 1145 1594 (nuth.
1167 1513 1231 1575 Pal.
1260 1513 1310 1575 lll.
1332 1510 1384 1575 47.
1406 1508 1464 1592 18)
1485 1534 1577 1594 quae,
1597 1534 1667 1576 cum
1688 1515 1773 1577 nullo
1795 1521 1885 1598 pacto
1905 1517 1987 1579 inter

290 1631 508 1710 epigrammata
528 1631 639 1693 referri
661 1633 792 1713 possint,
813 1630 881 1693 iure
904 1633 1008 1693 omisit
1029 1629 1235 1713 liergkius⁶⁹),
1257 1632 1416 1694 retinenda
1438 1639 1472 1693 et
1493 1634 1759 1713 epigrammaticae
1781 1635 1870 1716 poesi
1891 1635 1986 1696 vindi·

289 1749 386 1811 cande
406 1751 526 1811 censuit
548 1747 843 1830 Vogelmannus⁶⁰);
876 1771 933 1812 nec
967 1751 1065 1831 magis
1099 1771 1155 1830 pro
1189 1752 1407 1832 epigrammate
1440 1750 1551 1813 haberi
1578 1760 1709 1832 possunt
1729 1772 1837 1816 uersus
1858 1754 1914 1830 illi,
1935 1753 1987 1833 qul

289 1869 446 1948 Aeschylo
468 1869 643 1930 tribuuntur
663 1870 695 1930 in
717 1871 812 1932 Aoth.
841 1870 906 1930 Pal.
929 1870 965 1932 X.
990 1865 1070 1944 1103
1099 1878 1171 1930 aurit
1198 1870 1280 1931 enim
1308 1889 1346 1930 cx
1366 1868 1586 1950 Aristophanis
1615 1869 1713 1933 Ranis
1734 1872 1775 1952 (u.
1799 1868 1883 1933 1427
1905 1871 1986 1952 sqq.)

287 1987 386 2065 petiti,
407 2006 505 2066 neque
516 1988 662 2067 Aeschyli
684 1987 826 2049 videntur
847 2007 927 2062 esse,
949 1989 1005 2048 sed
1027 1990 1086 2064 „ab
1109 1989 1178 2068 ipso
1193 1989 1401 2069 Aristophane
1422 1987 1460 2047 ad
1483 1988 1656 2069 exemplum
1678 1989 1826 2051 dictionis
1847 1989 1984 2068 Aeschy-

288 2105 374 2167 leae“
395 2107 567 2186 compositi,
591 2113 625 2166 ut
646 2107 689 2165 ait
710 2106 744 2164 B.
767 2105 969 2167 'l'hieracbius
991 2107 1022 2166 in
1044 2104 1120 2165 lien.
1142 2106 1191 2167 ed.
1213 2126 1244 2186 p.
1265 2104 1345 2180 2733
1369 2107 1448 2168 idem
1474 2105 1668 2168 statuendum
1690 2114 1741 2168 est
1761 2107 1800 2169 de
1822 2106 1985 2176 Menandri

287 2232 319 2287 et
340 2225 457 2304 Diphili
478 2226 665 2286 comicorum
688 2223 777 2285 dictis
800 2224 906 2303 (Antlr.
930 2224 1056 2285 Patxi
1078 2219 1153 2285 438.
1175 2219 1263 2302 1311),
1285 2243 1364 2302 quae
1385 2225 1578 2303 excipiuntur
1592 2224 1704 2287 Pittaci
1725 2225 1817 2302 dicto,
1839 2221 1985 2305 sapientis

287 2342 420 2405 fortasse
441 2344 525 2405 illius
547 2342 804 2421 Mitylenaeorum
820 2344 943 2423 tyranni
965 2342 1051 2424 (ibid.
1073 2338 1168 2423 110);
1189 2342 1272 2403 idem
1294 2342 1333 2404 de
1355 2342 1488 2403 (tratetis
1511 2343 1652 2407 Thebani
1673 2343 1781 2426 frpnmo
1801 2343 1831 2404 in
1847 2342 1985 2423 Frugali-

290 2470 383 2523 tatem
407 2463 515 2544 (Antlr.
539 2460 602 2522 Pal.
625 2457 771 2539 x.104);
795 2463 876 2523 idem
891 2462 1022 2542 derrique
1044 2462 1083 2523 de
1105 2463 1266 2543 permultis
1281 2461 1448 2541 elegiarum
1469 2458 1661 2541 fragmentis,
1684 2481 1811 2541 quorum
1833 2479 1904 2541 para
1920 2461 1984 2541 qui·

287 2581 358 2643 dem
381 2600 437 2641 suo
459 2582 519 2641 iam
541 2582 648 2661 generi
671 2581 791 2642 reddita
814 2577 928 2659 θείω),
949 2600 1021 2661 pars
1043 2582 1123 2643 falso
1157 2581 1256 2641 adhuc
1288 2581 1542 2660 epigrammatum
1566 2581 1688 2641 nomine
1709 2581 1854 2661 insignite
1874 2579 1983 2644 fertur.

286 2697 410 2760 Deinde
431 2700 549 2775 aetatis,
572 2699 620 2760 cui
653 2699 794 2777 quodque
828 2700 1015 2778 epigramma
1047 2700 1231 2778 assignatur,
1255 2695 1421 2777 diligenter
1453 2699 1531 2759 ratio
1563 2698 1704 2760 habenda
1735 2705 1794 2760 eet.
1837 2697 1882 2760 Ut
1902 2698 1985 2760 enini

285 2819 317 2879 in
341 2819 444 2898 quasis
467 2825 534 2879 arte
556 2838 633 2897 quae
655 2824 782 2897 postero
811 2824 950 2896 tempore
979 2821 1053 2877 nata
1076 2816 1217 2894 cultaque
1240 2822 1312 2877 sunit
1333 2835 1448 2895 genera
1470 2836 1486 2875 a
1509 2817 1646 2896 priorum
1668 2816 1865 2897 simplicitate
1886 2816 1984 2896 magia

286 2939 444 3018 magisque
466 2937 614 2999 recedere
637 2935 748 3009 solent,
770 2935 815 2995 sic
837 2936 928 2995 etiam
951 2935 1138 3016 epigramma
1160 2953 1222 2994 non
1245 2932 1354 2994 iisdem
1370 2952 1503 3013 semper,
1525 2934 1635 3013 quihus
1658 2934 1745 2995 initio
1760 2935 1983 3010 continebatur,

287 3056 400 3119 linibus
422 3056 688 3137 circumscriptam
703 3054 831 3130 mansit,
852 3053 907 3115 scal
929 3054 960 3116 in
982 3053 1064 3114 uaria
1080 3072 1191 3134 genera
1208 3051 1351 3115 diffusum
1366 3051 1523 3114 inferioris
1546 3059 1579 3114 et
1598 3052 1721 3114 infimae
1744 3054 1853 3115 aetatis
1875 3052 1984 3117 studiis

285 3175 335 3235 ael
356 3174 433 3236 adeo
456 3176 650 3236 immutatum
671 3182 730 3248 est,
752 3174 801 3235 rix
824 3180 858 3238 ut
873 3192 1046 3234 serarume
1069 3174 1230 3253 positarum
1245 3171 1373 3247 lusibus,
1395 3172 1492 3251 qualis
1509 3173 1574 3233 eins
1589 3172 1685 3233 fuerit
1700 3173 1788 3253 origo
1801 3178 1835 3233 et
1854 3170 1983 3250 indoles,

284 3312 498 3374 recognoscas.
542 3291 633 3353 Unda
654 3292 800 3371 sequitur,
822 3300 866 3366 ut,
897 3291 979 3371 quod
1011 3291 1180 3352 carminum
1211 3309 1309 3370 genus
1342 3310 1380 3351 ex
1412 3291 1595 3369 posterioris
1627 3290 1749 3372 quidem
1783 3291 1893 3353 aetalia
1925 3310 1982 3354 usa

285 3413 497 3494 epigrammsti
519 3418 604 3473 recte
626 3411 811 3486 attribuitur,
834 3411 915 3472 idem
938 3411 964 3472 ai
987 3409 1024 3471 ad
1047 3417 1186 3490 tempora
1207 3409 1245 3469 ab
1268 3405 1387 3488 origine
1409 3408 1547 3489 proxime
1573 3408 1703 3470 relatum
1724 3409 1833 3494 eodem
1858 3409 1983 3472 nomine

285 3532 492 3611 appellemus,
513 3531 544 3593 in
576 3550 647 3592 eum
676 3528 844 3591 incidamus
867 3548 1022 3603 emacem,
1042 3529 1095 3607 qui
1127 3547 1238 3607 graeco
1272 3528 1418 3590 vocabulo
1448 3522 1689 3612 ἆναχρονισμός
1709 3529 1811 3589 roeari
1832 3528 1928 3603 aolet;
1950 3524 1982 3589 id

287 3650 366 3730 qaod
390 3669 428 3711 ne
451 3651 597 3711 acciderit
618 3668 761 3710 ueremur
796 3656 828 3709 et
860 3648 1012 3719 lucensio,
1045 3666 1114 3709 cum
1146 3646 1261 3726 Aesopi
1294 3667 1415 3707 carmen
1451 3647 1557 3724 (Anth.
1579 3646 1643 3707 l'al.
1665 3645 1702 3708 Χ.
1726 3643 1802 3725 193)
1824 3647 1862 3713 ad
1883 3664 1982 3727 genus

287 3770 540 3853 epigrammatum
564 3769 799 3844 sententiosum,
822 3767 920 3847 qualia
943 3767 1036 3828 multa
1058 3772 1166 3828 essent
1186 3766 1217 3825 in
1240 3765 1431 3847 Theognidis
1446 3766 1542 3847 elegis
1561 3774 1593 3828 et
1607 3767 1639 3826 in
1653 3765 1835 3847 fragmentis
1848 3764 1982 3842 Solonis,

1148 3908 1182 3955 0

286 3962 592 3979 ffl—

351 4113 406 4176 58)
434 4118 608 4166 Anacreontis
623 4133 665 4181 ep.
680 4118 763 4167 Antb.
779 4116 837 4166 l’al.
853 4116 914 4167 vti.
933 4109 993 4166 lob
1009 4115 1132 4178 (similem
1145 4113 1301 4163 sententiam
1315 4128 1343 4164 v.
1356 4127 1398 4176 ap.
1410 4114 1491 4178 Sopb.
1507 4115 1533 4164 in
1549 4115 1618 4166 Phil.
1633 4128 1662 4165 v.
1676 4107 1737 4165 aab
1751 4129 1810 4175 aqq.
1826 4115 1868 4164 cd.
1879 4114 1979 4183 Neue),

285 4203 426 4255 Simonidis
442 4202 524 4252 Antii.
540 4202 598 4253 l’al.
612 4203 648 4254 x.
667 4197 726 4252 105
743 4202 792 4262 (ef.
809 4202 873 4250 ilor.
888 4201 939 4263 Ep.
955 4202 990 4252 11.
1007 4195 1036 4252 3.
1054 4194 1124 4266 oa),
1141 4200 1285 4249 contrarius
1300 4201 1486 4249 scatenti-rum
1501 4201 1565 4250 ordo
1580 4207 1622 4251 est
1636 4202 1662 4250 in
1677 4196 1818 4251 Simonidis
1828 4200 1910 4251 Antia.
1922 4198 1980 4251 Pal.

284 4291 347 4342 Vll.
364 4283 424 4339 353
441 4292 605 4349 (sraspectum
619 4288 723 4337 videtur
738 4286 940 4336 Schneidewino
957 4286 1055 4337 Simon.
1072 4285 1119 4335 Cei
1135 4284 1204 4335 lieli.
1219 4299 1248 4346 p.
1264 4278 1351 4342 118.)

351 4367 407 4434 51))
436 4374 610 4424 Anacreontis
622 4371 769 4422 carminum
785 4372 853 4420 liell.
869 4386 893 4432 p.
909 4365 982 4421 273.

351 4456 406 4520 bo)
433 4462 465 4512 1..
480 4461 499 4513 1.
515 4474 541 4522 p.
559 4452 617 4506 117
627 4472 635 4527 5
647 4471 662 4505 a
676 4471 727 4518 quo
743 4464 806 4519 quot
818 4457 916 4506 diuersi
930 4456 1035 4522 generis
1050 4454 1178 4517 poematia
1192 4454 1371 4520 epigrammati
1386 4454 1587 4523 admisceantur,
1602 4468 1666 4505 esne
1680 4453 1793 4505 mireris.

352 4538 407 4606 tl)
433 4546 517 4596 Velut
535 4543 637 4611 elegiae
651 4542 843 4592 Anacreontiae
864 4542 1037 4608 fragmentum
1060 4543 1091 4588 ab
1108 4540 1246 4588 Athenaeo
1264 4538 1312 4597 (Χ.
1336 4529 1396 4587 163
1420 4540 1472 4597 A.)
1494 4546 1636 4606 serratum,
1652 4538 1686 4590 cf.
1700 4538 1869 4591 Schneidew.
1883 4541 1934 4591 del.
1949 4556 1978 4603 p.

289 4622 360 4700 370,
374 4639 402 4682 et
414 4632 555 4681 simonidia
569 4629 712 4695 elegiarum
727 4629 876 4677 mnebrlraar
897 4629 956 4675 stre
970 4628 1105 4693 elegorum
1120 4625 1281 4689 fragmentrr
1302 4622 1330 4670 ln
1343 4623 1508 4674 'l'imarclrura
1524 4626 1608 4677 Aatb.
1623 4624 1683 4677 Psi.
1696 4625 1759 4679 vti.
1777 4620 1848 4677 1113.
1866 4620 1936 4696 515,
1951 4626 1978 4675 in

288 4713 435 4783 Gorgonem
449 4717 510 4766 Vll.
527 4709 599 4783 1117,
613 4715 639 4762 in
655 4715 809 4780 naufragam
824 4714 886 4766 Vll.
904 4704 974 4781 196,
990 4713 1055 4781 alia3
1071 4713 1104 4764 ci.
1121 4709 1289 4762 Schneidcw.
1305 4710 1324 4762 i.
1340 4709 1358 4762 l.
1371 4725 1398 4772 p.
1416 4704 1476 4759 103
1493 4725 1553 4770 aqq.
