4464 5880
1100 490 1124 564 8

272 708 374 789 coepti
410 715 495 778 sunt,
532 699 612 761 haud
647 698 811 760 multorum
845 698 978 779 supersit
1011 696 1167 758 titulorum
1205 696 1365 771 memoria3
1400 697 1557 758 literarum
1597 704 1697 759 tameo
1734 718 1823 776 usus,
1860 720 1949 780 quem

272 828 310 889 ad
332 828 448 888 seriora
469 830 607 900 tempora
628 818 756 880 Wollius
778 818 927 879 detulisse
948 813 1124 895 videtur,²³)
1151 817 1222 896 quiu
1245 817 1297 878 diu
1324 823 1394 878 aute
1417 810 1612 899 Olympiadas
1634 819 1817 880 instauratas
1839 820 1869 881 in
1891 821 1950 881 boc

271 956 355 1009 certe
377 941 550 1022 scriptionis
573 959 686 1019 genere
707 939 903 1012 increbuerit,
923 937 986 998 noli
1008 937 1155 998 dubitare.
1200 936 1261 998 Ubi
1282 939 1363 998 euim
1385 938 1526 1018 cognitae
1548 945 1635 999 erant
1656 939 1780 1014 literae,
1802 941 1840 1000 ad
1862 960 1949 1021 quam

271 1088 335 1129 rem
357 1064 441 1143 prius
464 1080 516 1120 eas
538 1060 688 1121 adhibitas
715 1078 785 1120 esse
807 1066 962 1140 putemus,
985 1057 1063 1141 nisi,
1072 1056 1110 1118 ad
1139 1058 1260 1119 nomina
1288 1059 1337 1119 rel
1358 1058 1514 1120 breviores
1542 1060 1710 1121 sententiaa
1738 1061 1769 1121 iu
1792 1060 1951 1142 lapidibus,

272 1182 435 1255 aediliciis,
468 1180 602 1241 donariis
635 1179 865 1241 inscribendas?
915 1179 1011 1239 lmmo
1048 1179 1124 1258 ipsis
1156 1179 1404 1259 inscriptionibus
1442 1180 1600 1240 literarum
1633 1200 1721 1241 usum
1751 1189 1951 1261 propagatum

270 1302 482 1381 scribendique
509 1309 605 1362 artem
628 1301 775 1361 excultam
804 1319 889 1374 esse,
912 1307 945 1360 ut
972 1298 1068 1360 libros
1096 1300 1156 1359 iam
1183 1298 1320 1360 scribere
1346 1306 1544 1374 conarentur,
1566 1301 1689 1361 omuino
1716 1306 1951 1363 consentaneum

270 1420 372 1501 est.²⁴)
416 1424 500 1500 Quae
526 1422 740 1501 inscriptiones
768 1427 802 1480 ut
829 1440 889 1480 non
918 1419 970 1480 diu
998 1419 1096 1479 soluta
1123 1419 1261 1480 oratione
1288 1418 1373 1479 humi
1400 1426 1576 1498 serperent,
1604 1419 1659 1480 sed
1686 1419 1724 1480 ad
1751 1420 1892 1482 carminis
1920 1431 1952 1483 et

270 1543 447 1604 suavitatem
479 1549 512 1603 et
543 1541 720 1622 dignitatem
749 1547 867 1601 mature
895 1538 1098 1618 adspirarent,
1125 1558 1195 1599 corn
1222 1558 1299 1618 quae
1327 1535 1402 1619 ipsis
1431 1539 1539 1615 rebus,
1568 1539 1678 1618 quibus
1708 1539 1777 1601 addi
1805 1540 1953 1617 solebant,

269 1664 369 1724 inerat
395 1662 432 1723 ad
459 1663 578 1743 polisim
605 1660 826 1742 provocandam
855 1660 900 1720 uis
932 1666 964 1720 et
990 1659 1136 1733 facultas,
1158 1665 1222 1719 tum
1244 1659 1365 1738 liuguae
1392 1677 1518 1738 graecae
1546 1660 1735 1740 praestantia
1764 1658 1884 1734 effecit,
1905 1662 1953 1721 cui

269 1802 428 1844 numerum
450 1782 598 1862 quendam
619 1782 744 1842 insitum
764 1781 961 1860 iunctumque
987 1799 1056 1841 esse
1077 1780 1230 1840 neminem
1252 1778 1340 1859 sugit.
1372 1781 1462 1841 Hunc
1484 1799 1553 1841 cum
1574 1799 1681 1840 versus
1695 1780 1813 1841 beroici
1835 1780 1953 1861 legibus

270 1903 482 1964 adstrinxisset
501 1906 661 1984 potiturum
683 1903 839 1982 epicorum
855 1901 992 1962 sollertia
1014 1920 1167 1979 quumque
1182 1899 1312 1960 sollenni
1325 1901 1491 1962 carminum
1513 1921 1637 1962 suorum
1659 1901 1839 1962 recitatione
1859 1918 1952 1983 popu·

270 2023 379 2083 larium
400 2024 516 2084 animos
538 2040 689 2099 auresque
715 2021 806 2081 metri
828 2038 920 2079 sensu
947 2020 1137 2094 imbuissent,
1159 2019 1231 2099 quid
1253 2021 1380 2094 mirum,
1401 2021 1428 2079 si
1450 2027 1630 2101 perceptum
1652 2038 1758 2080 sonum
1780 2020 1952 2082 relerentes

270 2142 299 2203 ei
321 2145 412 2204 etiam
434 2162 519 2204 suam
546 2141 716 2202 orationem
744 2138 972 2199 accommodare
1001 2136 1171 2198 studebant.
1212 2137 1349 2198 Primum
1370 2138 1464 2217 igitur
1486 2145 1634 2215 metrum,
1657 2158 1717 2218 quo
1738 2140 1953 2220 inscriptiones

269 2263 485 2336 condebantur,
507 2260 666 2322 heroicum
686 2255 802 2335 tuit,²⁶)
826 2259 857 2319 id
879 2257 959 2338 quod
981 2256 1030 2316 vel
1052 2275 1089 2317 ex
1109 2256 1163 2317 illa
1178 2257 1408 2338 Amphitryonis
1430 2258 1631 2339 inscriptione
1652 2259 1843 2339 intelligitur,
1866 2255 1953 2339 quae,

270 2382 342 2442 licet
362 2382 436 2442 licta
456 2381 564 2454 fuerit,
587 2379 702 2458 antiqui
730 2386 831 2440 tamen
853 2378 946 2438 moris
969 2377 1103 2457 speciem
1124 2397 1198 2458 prae
1221 2377 1381 2438 sstulerit
1402 2397 1530 2439 necesse
1553 2386 1610 2454 est,
1633 2391 1702 2439 cum
1723 2379 1782 2460 ipsi
1796 2379 1953 2440 Herodoto

269 2503 373 2563 lucum
395 2501 513 2561 iecerit.
556 2500 640 2560 ldem
667 2501 866 2580 comprobant
888 2500 1120 2579 epigrammata,
1143 2518 1220 2576 quae
1247 2498 1376 2559 Homeri
1401 2498 1530 2561 ,nominc
1559 2499 1716 2575 feruntur,
1739 2500 1775 2560 ad
1798 2501 1954 2582 epicorum

268 2622 439 2703 principem
471 2620 602 2681 fortasse
634 2621 716 2681 nulla
749 2620 807 2679 alia
840 2619 878 2678 de
911 2637 1018 2679 caussa
1049 2617 1162 2694 relata,
1185 2619 1245 2678 nisi
1278 2619 1360 2697 quod
1391 2626 1489 2679 metro
1522 2620 1648 2681 heroico
1682 2622 1852 2702 composita
1874 2627 1953 2681 sunt.

270 2744 404 2820 Quorum
428 2739 500 2801 licet
526 2741 639 2820 aliquot
667 2738 853 2818 simpliciora
882 2739 943 2799 sint
975 2737 1171 2817 meliorisque
1199 2743 1307 2812 notae,
1334 2736 1464 2818 plurima
1493 2745 1609 2814 tamen,
1638 2759 1746 2800 novem
1774 2760 1914 2814 numero,
1939 2762 1955 2799 a

269 2862 429 2945 rhapsodis
453 2881 490 2922 cx
511 2867 648 2942 tempore
675 2861 744 2920 susa
771 2878 842 2920 esse
870 2854 1068 2937 videntur,²⁶)
1091 2876 1183 2918 uuum
1211 2857 1303 2937 idque
1330 2861 1477 2939 optimum
1508 2859 1648 2920 Cleobuli
1670 2855 1770 2919 Lindii
1799 2879 1869 2921 esse
1891 2860 1955 2919 reri

270 2991 318 3043 cst
339 2979 584 3062 simillimumss')

332 3100 395 3163 Ubi
415 3121 487 3162 vero
509 3102 641 3182 primum
663 3099 840 3160 hexametro
873 3097 983 3159 sollcrs
1012 3097 1117 3158 louum
1138 3098 1293 3178 ingenium
1320 3104 1544 3181 pentametrum
1566 3101 1679 3175 iunxit,
1701 3107 1841 3179 tanquam
1865 3101 1955 3161 animi

269 3221 353 3281 luctu
374 3222 519 3283 commoti
544 3222 746 3301 interpretem
775 3220 941 3298 optimum,
963 3217 993 3277 id
1025 3237 1221 3279 numerorum
1243 3237 1339 3298 genus
1361 3219 1517 3280 inventum
1539 3225 1621 3295 erat,
1644 3221 1741 3299 quod,
1770 3241 1836 3282 curn
1865 3226 1897 3280 et
1918 3220 1955 3279 iis

270 3341 376 3416 rebus,
399 3360 477 3418 qnae
503 3340 753 3421 inscriptionibus
783 3339 897 3399 includi
920 3338 1076 3412 solebant,
1100 3337 1305 3419 exprimendis
1335 3339 1459 3418 egregie
1481 3345 1586 3420 aptum
1608 3344 1870 3429 esset,‡tarrquam
1893 3339 1955 3420 epi-

270 3461 429 3540 grammati
450 3461 606 3540 proprium
628 3479 684 3539 per
706 3477 796 3518 omne
818 3457 964 3538 deinceps
986 3463 1107 3538 tempus
1123 3464 1278 3519 retentum
1300 3464 1333 3519 et
1348 3458 1463 3519 cultum
1486 3464 1543 3519 est.
1580 3457 1717 3538 Namque
1732 3461 1830 3540 primo
1853 3459 1956 3520 statim

270 3581 308 3641 ab
330 3581 416 3641 initio
439 3598 500 3641 non
521 3579 613 3641 metri
635 3585 751 3644 tantum
774 3578 986 3653 similitudine,
1010 3578 1064 3639 sed
1086 3597 1189 3638 rerum
1211 3580 1304 3639 etiam
1332 3586 1364 3640 et
1386 3586 1632 3658 argumentorum
1661 3533 1955 3672 rationenppiqirabiii

270 3719 340 3762 cum
367 3701 501 3779 elegiaca
526 3701 615 3781 poiisi
642 3700 827 3780 epigramma
855 3707 918 3759 tam
942 3698 1034 3758 firmo
1060 3692 1187 3759 vinculo
1208 3700 1400 3760 coniunctum
1429 3698 1525 3759 luisse
1554 3707 1700 3779 apparet,
1729 3689 1872 3759 ut‘illins
1900 3716 1956 3777 pro

271 3820 418 3900 singulari
437 3838 552 3899 genere
572 3820 746 3881 babendum
774 3820 830 3893 sit3
854 3839 946 3898 qnare
968 3828 1002 3880 ut
1024 3820 1121 3901 prima
1142 3818 1368 3899 epigrammatis
1397 3819 1514 3880 indoles
1536 3819 1659 3897 penitus
1682 3824 1895 3898 pernoscatur,
1919 3814 1956 3873 de

272 3941 389 4032 elegiae
412 3939 529 4019 origine
551 3960 645 4021 pauca
667 3939 818 4001 monenda
839 3938 987 4000 ridentur.

335 4271 389 4336 23)
419 4276 461 4327 Cl.
477 4277 577 4326 Krusc:
593 4277 682 4325 licllss
697 4279 718 4329 1.
737 4293 762 4338 p.
781 4271 830 4326 13.
875 4277 964 4344 Ulrici,
980 4276 1041 4326 hist.
1057 4278 1131 4338 pods.
1146 4292 1188 4343 gr.
1204 4277 1226 4327 l.
1243 4292 1268 4338 p.
1281 4271 1351 4328 227.

335 4359 390 4422 bt)
421 4361 462 4413 Gi.
479 4362 580 4412 Osann:
597 4363 721 4420 Symbola
735 4364 768 4411 ad
783 4364 844 4412 bist.
857 4363 906 4413 litt.
930 4376 1033 4429 graeco.
1050 4368 1076 4411 et
1090 4376 1179 4414 romrn.
1195 4363 1217 4414 l.
1233 4377 1260 4424 p.
1277 4357 1328 4415 20.

336 4445 391 4507 25)
421 4448 463 4499 Cl.
480 4450 584 4499 Platon.
601 4449 633 4497 do
648 4451 720 4515 legg.
739 4442 787 4500 12.
803 4463 832 4510 p.
845 4440 906 4498 958
923 4449 956 4498 Ε.

335 4528 390 4592 bb)
420 4534 461 4585 Gi.
478 4536 564 4583 Rode:
580 4535 640 4584 bist.
657 4536 730 4595 pots.
747 4550 788 4600 gr.
804 4535 826 4584 l.
839 4549 865 4594 p.
881 4526 953 4584 409.
996 4534 1076 4583 Ulrici
1091 4535 1110 4585 l.
1126 4536 1144 4586 1.
1160 4535 1183 4586 1.
1200 4549 1227 4596 p.
1245 4527 1405 4594 393.11.p.
1422 4525 1494 4583 297.

335 4615 390 4679 27)
420 4621 512 4669 Exstat
526 4621 553 4669 in
564 4621 647 4669 Autb.
663 4620 720 4671 Pal.
735 4621 795 4668 Vll.
815 4613 883 4689 153,
900 4620 944 4668 ubi
959 4619 1051 4668 lemma
1066 4621 1176 4670 fluctuat
1190 4622 1258 4669 inter
1272 4621 1412 4668 Homerum
1427 4625 1454 4668 ot
1468 4617 1623 4668 cleobulum
1638 4616 1775 4682 Lindium3
1790 4617 1850 4664 buic
1868 4615 1958 4664 tribuit

272 4704 352 4771 Diog.
367 4707 459 4758 Lacrt.
474 4707 498 4758 1.
514 4699 542 4758 6.
560 4701 589 4758 2.
605 4719 716 4765 eumque
730 4712 866 4768 propterca
881 4719 897 4758 s
912 4704 1045 4754 Simonide
1060 4707 1154 4757 acriter
1168 4707 1354 4768 reprehensum
1368 4706 1452 4754 tuisse
1468 4704 1531 4753 dicit
1546 4703 1581 4756 cl.
1598 4702 1793 4754 Schneidewin.
1815 4701 1958 4751 Simonidis

273 4790 329 4841 ratt.
345 4804 370 4851 p.
388 4785 426 4840 lb
443 4806 500 4854 sqq.
