4464 5880
1016 509 1064 581 17

191 733 305 796 genere
325 715 409 774 virus
431 712 606 775 acerbitatis
630 711 802 775 euomuisse
825 718 858 772 et
878 717 926 773 tot
939 712 1161 793 epigrammata
1175 709 1348 774 condidisse
1362 710 1495 784 satirica,
1517 714 1553 770 ιιι
1571 710 1670 789 ipsum
1685 711 1882 791 epigramma,

189 833 330 895 anatisa
350 831 512 907 dellerum,
534 832 691 894 satiricaur
723 827 834 893 exinde
867 830 1011 892 indueret
1044 830 1203 893 indolens
1245 829 1376 891 Etiamsi
1408 829 1491 890 enim
1527 829 1685 890 satiricum
1704 829 1883 891 Archilochi

62 1008 68 1016 .
189 951 355 1015 distichum
386 954 488 1011 exstet
509 968 557 1032 ap.
578 948 692 1011 Athen.
714 949 735 1009 l.
756 944 835 1011 xnt.
856 969 887 1030 p.
907 943 973 1011 594
994 949 1039 1025 Β.,
1061 948 1142 1028 qnod
1163 948 1281 1029 fugisse
1309 947 1430 1009 videtur
1449 947 1610 1024 Utricium,
1631 949 1691 1010 hoc
1711 955 1812 1010 tamen
1833 947 1883 1008 rel

190 1068 483 1147 „autosclaesllasma
504 1075 555 1129 est
573 1069 687 1148 poitse
707 1067 894 1150 Pasiphitam
916 1068 1113 1148 sugillantls“
1134 1066 1374 1151 (Schneidcniui
1394 1067 1488 1129 rerba
1509 1074 1580 1129 suat
1601 1068 1633 1128 in
1656 1066 1716 1129 del.
1738 1087 1768 1147 p.
1791 1061 1879 1147 176),

190 1187 240 1248 sel
260 1186 378 1268 elegiae
406 1186 618 1267 symposiacae
645 1185 853 1268 fragmentum
879 1189 972 1267 (qnae
992 1186 1138 1250 Muellcri
1159 1193 1209 1248 est
1229 1185 1383 1248 sententis
1403 1185 1423 1246 l.
1448 1187 1468 1247 Ι.
1490 1182 1513 1246 1.
1533 1206 1565 1268 p.
1586 1180 1676 1262 200),
1695 1186 1884 1265 epigramma

191 1311 360 1366 cercenna
383 1313 442 1380 est,
464 1323 533 1365 cum
555 1322 595 1366 ne
615 1304 770 1384 integrum
792 1304 914 1383 quidem
936 1306 978 1366 sit
999 1325 1132 1367 carmen.
1176 1304 1394 1366 Archilochum
1408 1304 1503 1382 igitur
1523 1305 1743 1385 epigrammata
1763 1303 1886 1365 satirica

191 1420 355 1504 scripsisse
377 1440 540 1502 negamus3
562 1439 640 1501 qnae
662 1423 816 1484 sententis
837 1423 929 1485 etism
945 1422 1006 1482 alio
1021 1431 1200 1503 argumento
1216 1422 1410 1503 comprobari
1431 1429 1545 1503 potest.
1587 1422 1664 1483 Nam
1687 1424 1714 1484 si
1735 1422 1766 1482 id
1788 1440 1886 1502 genos

188 1542 412 1621 'epigrammata
423 1536 648 1621 composuisset
657 1543 751 1622 points
762 1541 991 1618 celeberrimus,
1015 1549 1048 1603 nt
1058 1543 1167 1603 iambis
1190 1542 1335 1622 permulti
1355 1548 1465 1621 postea
1487 1540 1524 1602 ad
1545 1541 1720 1603 irrisionem
1741 1541 1789 1602 nsi
1806 1547 1885 1618 sunt,

191 1658 237 1719 sic
265 1659 357 1720 etiam
383 1659 637 1740 epigrammatum
659 1660 852 1721 satiricorum
874 1657 1046 1722 imitatores
1067 1659 1260 1721 exstitissent
1286 1666 1317 1721 et
1332 1661 1486 1727 satiricum
1502 1659 1607 1740 poisis
1621 1659 1888 1739 epigrammatista

192 1795 289 1854 genus
310 1778 410 1839 excoli
431 1785 573 1859 coeptum
596 1784 698 1852 esset;
719 1778 804 1839 cuius
826 1779 872 1838 rei
895 1777 977 1839 nulla
998 1778 1127 1857 vestigia
1147 1773 1284 1856 indagari
1308 1784 1446 1857 possunt.
1491 1774 1568 1837 Narn
1590 1777 1618 1837 si
1640 1777 1742 1838 omnia
1760 1776 1887 1858 primae,

193 1913 282 1972 quam
303 1896 477 1971 statuimus,
499 1896 609 1957 aetatis
629 1896 847 1976 epigrammata
861 1896 1093 1976 perlustramus,
1114 1895 1175 1956 duo
1190 1902 1309 1956 tanturn
1323 1894 1493 1955 invenimus
1508 1895 1651 1971 carmina,
1666 1915 1744 1974 quae
1765 1895 1889 1956 satirica

192 2029 262 2073 esse
286 2012 436 2074 videntur.
479 2011 617 2074 Primum
638 2019 688 2072 est
713 2010 891 2092 Phocylidis
912 2015 944 2073 in
973 2013 1082 2076 Lerios
1103 2014 1180 2095 (lac.
1209 2013 1302 2074 Anth.
1328 2013 1383 2073 Gr.
1406 2013 1429 2072 l.
1452 2032 1482 2073 ιι.
1505 2012 1543 2074 Χ.
1568 2034 1598 2094 p.
1619 2010 1663 2074 ot
1684 2032 1723 2073 ex
1743 2013 1887 2075 Strabon.

192 2127 231 2190 X.
253 2149 284 2209 p.
306 2125 369 2190 747
392 2130 454 2208 li.);
477 2140 509 2191 at
530 2131 717 2211 epigramma
739 2150 801 2191 non
824 2138 882 2207 est,
904 2131 959 2193 sed
982 2132 1133 2193 sententia
1156 2132 1219 2192 sire
1242 2148 1363 2208 gnome,
1385 2140 1418 2191 ut
1441 2149 1479 2191 ex
1499 2132 1617 2192 verbis:
1639 2130 1696 2193 nol
1716 2127 1793 2193 τόδε
1816 2133 1887 2193 Φω-

193 2243 327 2310 κυλίδου
348 2248 539 2328 intelligitur,
554 2249 665 2327 quihus
680 2250 717 2309 ab
730 2249 818 2310 initio
839 2250 950 2330 positis
972 2269 1043 2310 snas
1065 2250 1125 2312 sihi
1140 2250 1307 2310 senitentias
1323 2247 1507 2328 l’lrocylides
1520 2249 1675 2311 vindicare
1688 2246 1888 2342 scatebant),

191 2363 330 2425 Alterum
367 2385 384 2426 a
417 2365 575 2427 Simonide
606 2369 639 2427 in
671 2366 920 2429 Timocreontcm
954 2366 1117 2442 Rhodium,
1137 2367 1248 2441 visam,
1270 2372 1304 2427 ut
1326 2363 1503 2444 risterurtt),
1525 2369 1673 2448 scriptum
1692 2366 1801 2447 (toth.
1823 2365 1888 2428 Pal.

194 2482 257 2544 Vll.
279 2479 373 2556 348),
396 2503 470 2544 sane
493 2494 541 2545 est
563 2485 750 2565 epigramma
777 2486 950 2560 satiricum,
972 2484 1032 2545 hoc
1054 2482 1167 2563 arnolf)
1194 2493 1295 2546 tanuen
1318 2484 1397 2545 hausi
1420 2484 1512 2545 tacile
1532 2487 1691 2565 quisquam
1713 2483 1797 2547 elflci
1820 2488 1891 2567 opi-

192 2606 293 2676 netur,
315 2608 349 2662 ut
370 2602 407 2662 alr
429 2603 518 2663 initio
533 2603 688 2663 satiricum
711 2602 806 2664 inerit
820 2603 1024 2683 epigramma3
1048 2603 1141 2663 immo
1164 2602 1266 2682 lepide
1289 2609 1405 2662 tuntum
1428 2601 1636 2664 adversarium
1659 2605 1889 2666 scerhlssimum

193 2720 286 2799 poeta
308 2718 381 2780 lusit
409 2719 624 2799 loculentoque
654 2719 823 2801 specimine
853 2722 1045 2795 monstrarit,
1067 2719 1219 2799 quomodo
1241 2721 1289 2781 sel
1311 2740 1347 2781 ea
1369 2721 1596 2801 epigrammatis
1618 2721 1730 2798 lorma,
1752 2741 1829 2801 quae
1850 2721 1889 2782 ah

196 2837 340 2899 irrisione
362 2837 541 2918 longissime
563 2838 673 2900 abesse
694 2838 861 2915 videretur,
882 2846 953 2918 apta
975 2839 1194 2899 sententiarum
1218 2837 1460 2898 conformatione
1482 2837 1522 2898 ad
1544 2857 1646 2901 acrem
1667 2841 1890 2900 vellicationem

195 2955 334 3016 adhiberi
356 2963 388 3017 et
409 2958 546 3018 converti
567 2965 684 3037 posset.
728 2958 845 3035 Quodsi
874 2976 948 3018 sero
970 2975 1071 3035 neque
1092 2956 1309 3018 Archilochum
1341 2955 1558 3036 epigrammsts
1586 2957 1711 3018 satirica
1731 2958 1892 3038 scripsisse

196 3079 327 3149 constat,
348 3093 447 3153 neque
470 3074 500 3134 id
523 3094 619 3153 genos
643 3076 864 3156 epigrammata
885 3076 984 3155 prima
1006 3083 1106 3136 aetate
1122 3076 1314 3151 exstiterunt,
1335 3075 1525 3155 explodenda
1547 3076 1606 3136 ianr
1630 3084 1722 3154 etque
1741 3043 1892 3137 eilolenda

196 3198 245 3252 est
267 3197 332 3252 tota
353 3192 412 3253 lsta
433 3192 473 3253 de
495 3194 595 3254 natira
617 3195 844 3274 epigrammatis
865 3193 970 3254 indole
985 3194 1108 3255 satirica
1131 3196 1291 3269 sentesstia,
1314 3195 1363 3254 cui
1384 3195 1445 3255 lsoc
1461 3212 1582 3273 quoque
1603 3193 1789 3266 adversator,
1810 3193 1892 3273 quod

195 3328 235 3370 nc
256 3311 353 3371 altera
375 3310 496 3389 quidem
518 3320 629 3385 aetate,
645 3332 734 3392 qnam
749 3312 1023 3374 Alexandrinorum
1039 3312 1250 3392 appellaveris,
1272 3312 1365 3372 multa
1380 3313 1530 3373 eiusmodi
1545 3312 1764 3392 epigrammata
1778 3313 1892 3395 scripta

196 3447 268 3489 essa
287 3429 438 3505 ridentur,
460 3431 551 3511 longe
583 3432 714 3512 plurima
746 3450 852 3493 eorum
886 3433 1045 3512 poetarum
1079 3431 1289 3503 inueniuntur,
1312 3432 1363 3508 qui
1395 3431 1428 3490 in
1450 3430 1583 3511 Philippi
1605 3428 1893 3495 Thessalonicensis

196 3565 341 3607 coronam
375 3550 494 3630 recepti
527 3558 624 3626 erant,
659 3570 694 3610 ea
729 3550 847 3611 scilicet
879 3557 984 3610 aetate
1017 3548 1184 3620 conditam,
1215 3566 1275 3627 qua
1296 3547 1503 3609 Romanorum
1534 3549 1629 3610 satira
1651 3565 1741 3627 quam
1763 3551 1894 3613 mantne

198 3666 338 3727 florebat.

263 3818 417 3879 lncrehuit
447 3819 528 3880 inter
549 3821 632 3879 siros
655 3819 761 3881 doctos
785 3821 992 3893 consuetudo,
1016 3829 1048 3881 ut
1076 3818 1114 3880 sle
1136 3819 1321 3879 sententiosis
1342 3818 1570 3900 epigrammatis
1592 3820 1763 3899 loquantur.
1806 3818 1893 3898 Quasi

200 3938 227 3998 si
248 3937 291 3998 ita
313 3938 366 4012 tit,
388 3944 421 3999 ut
443 3937 481 3999 dc
503 3939 542 4000 iis
563 3940 792 4019 epigrammatis
814 3941 965 4018 cogitent,
988 3918 1026 3999 rh
1042 3941 1150 4017 quibus
1180 3940 1224 3999 rei
1247 3939 1337 3999 alicui
1359 3938 1536 4020 propositae
1558 3940 1711 4000 renitentia
1733 3939 1892 4001 subiicitur

200 4194 505 4212 *-

265 4399 319 4462 55)
348 4404 468 4454 imitatus
483 4412 524 4455 cst
536 4406 702 4455 Demodocus
716 4409 800 4458 Antis.
816 4408 873 4458 l’al.
888 4408 937 4458 xl.
956 4400 1028 4456 235.
1045 4399 1117 4456 ςὶ36.

266 4506 320 4571 56)
349 4513 393 4570 Cl.
408 4517 597 4569 Schneidewin
611 4518 712 4573 Simon.
730 4517 778 4571 Cei
789 4519 858 4569 ltotl.
874 4534 900 4585 p.
916 4518 1019 4587 xviii.
1037 4488 1230 4577 Clintonliast'.
1246 4515 1350 4567 Hellen.
1366 4513 1401 4562 ad
1414 4510 1457 4565 ot.
1475 4509 1525 4566 72.
1541 4509 1570 4567 2.
1584 4517 1626 4568 ed.
1642 4515 1775 4581 Kraeger.

267 4617 323 4681 57)
347 4623 415 4675 Non
429 4638 472 4688 cns
488 4630 573 4683 Arar.
588 4628 646 4680 Pal.
661 4629 698 4681 v.
717 4621 776 4680 loo
793 4640 853 4679 cam
866 4631 988 4680 lemmata
1000 4623 1163 4693 Σιμωνίδου
1170 4661 1179 4691 ,
1193 4627 1261 4675 tatsa
1282 4627 1349 4677 iutsr
1362 4627 1495 4678 masuris
1508 4627 1631 4691 mistum,
1646 4623 1778 4675 morien
1792 4621 1897 4684 outdem

202 4739 252 4803 est,
264 4733 405 4784 Simonidis
420 4749 471 4785 non
487 4745 528 4788 est
543 4741 577 4793 cl.
591 4740 650 4794 Jac.
667 4747 687 4794 t.
702 4738 752 4792 Vl.
768 4755 794 4803 p.
812 4734 885 4792 att.

1563 4831 1585 4896 3
