4464 5880
1096 483 1122 559 4
1201 522 1213 539 .

271 697 467 761 insolentiora
490 694 701 777 epigrammati
721 689 969 774 affingunturu),
991 692 1109 754 indoles
1130 692 1198 773 ipsa
1223 699 1313 773 atque
1334 692 1464 756 historia
1485 712 1546 755 non
1574 691 1751 756 illustratur.
1799 695 1845 758 Ut
1869 696 1969 759 enim

271 817 308 879 ad
329 817 433 898 epicae
455 815 559 897 podsis
587 812 817 876 similitudinem
844 812 1029 892 simpliciora
1055 813 1177 894 priscae
1199 814 1307 875 aetatis
1330 815 1548 895 epigrammata
1569 814 1673 877 eliicta
1695 818 1772 890 sint,
1800 816 1838 877 ab
1867 816 1970 898 epicu

270 946 371 999 tamen
393 935 481 1018 poiisi
502 936 580 996 haec
602 953 729 1016 prorsus
751 934 849 994 aliena
871 938 951 1008 sunt,
973 932 1085 1014 quippe
1106 952 1184 1010 quae
1205 933 1286 993 aliud
1308 931 1466 995 consilium
1489 934 1547 994 alia
1574 934 1622 995 uia
1650 941 1802 1013 sequatur.
1847 933 1968 1016 Neque

270 1057 367 1137 magis
389 1055 566 1138 proficimus
591 1055 630 1116 ad
655 1073 757 1115 ueram
780 1050 1007 1135 epigrammatis
1030 1064 1166 1115 naturam
1189 1049 1449 1133 perspiciendam,
1471 1055 1498 1114 si
1520 1054 1550 1116 id
1572 1073 1684 1134 genus,
1707 1054 1787 1133 quod
1809 1054 1967 1136 colloquii

269 1176 369 1237 iorma
390 1175 594 1255 distinguitur,
615 1172 824 1254 Vogelmauno
847 1179 971 1234 auctore
992 1171 1188 1233 dramaticum
1211 1173 1406 1254 appellamus,
1429 1195 1497 1235 cum
1518 1175 1601 1236 nulla
1622 1181 1782 1255 praeterea
1803 1177 1966 1257 epigram·

270 1299 344 1359 mati
366 1298 407 1358 sit
427 1316 495 1358 cum
518 1302 584 1356 arte
607 1295 727 1356 scenica
747 1294 957 1355 communitas.

335 1417 394 1494 Qui
421 1416 552 1495 denique
581 1412 737 1475 universae
763 1414 868 1495 poesis
897 1430 1024 1491 graecae
1050 1411 1212 1473 historiam
1241 1419 1424 1490 tractarunt,
1446 1413 1597 1488 Ulrieius,
1619 1414 1748 1492 Rodios,
1775 1414 1965 1493 Muellerus,

271 1536 487 1611 Bernhardius,
502 1534 610 1596 studiis
625 1534 663 1594 ad
678 1533 825 1615 ampliora
839 1539 871 1593 et
893 1532 1042 1593 nobiliora
1063 1533 1166 1611 po‘e‘sis
1189 1552 1301 1612 genera
1312 1535 1408 1614 magis
1430 1535 1565 1610 intentis,
1587 1531 1690 1595 brevia
1704 1535 1781 1595 haec
1802 1534 1965 1615 poimatia

273 1656 341 1717 loco
363 1675 418 1717 suo
439 1660 716 1716 commemorarunt
737 1653 901 1734 paucisque
915 1651 1116 1726 illustrarunt,
1137 1652 1295 1713 historiam
1311 1673 1373 1714 non
1388 1655 1597 1714 condiderunt.
1631 1653 1722 1714 Solus
1737 1653 1966 1729 Bernhardlus,

274 1776 325 1855 qui
346 1775 465 1855 poesim
480 1775 665 1836 Graecorum
680 1793 778 1854 usque
799 1773 837 1833 ad
851 1772 953 1853 graeei
974 1771 1105 1832 nominis
1117 1772 1272 1833 interitum
1288 1780 1468 1854 prosecutus
1484 1780 1542 1851 est,
1552 1775 1709 1836 inferioris
1725 1773 1833 1835 aetatis
1844 1776 1966 1855 podius

274 1895 536 1977 epigrammaticos
557 1896 711 1958 recensuit
732 1900 765 1956 et
785 1893 989 1974 linthologiae
1010 1891 1074 1953 iata
1095 1889 1287 1975 narrarit.¹⁴)

1042 2526 1120 2599 cir.
1147 2527 1184 2599 ll.

340 2696 456 2775 Quodsi
477 2697 553 2757 haec
573 2696 612 2758 de
633 2695 860 2778 epigrammatis
882 2702 989 2755 natura
1010 2702 1042 2755 et
1062 2694 1165 2756 indole
1191 2695 1328 2773 quaestio
1357 2695 1489 2754 inondum
1522 2695 1559 2754 ad
1593 2696 1684 2755 finem
1714 2695 1842 2755 adducta
1863 2701 1966 2776 atque

275 2817 413 2879 absoluta
445 2823 502 2893 est,
524 2817 589 2879 eius
621 2818 667 2878 rei
688 2817 770 2877 hanc
790 2815 983 2897 potissimum
1015 2834 1153 2876 caussam
1185 2833 1255 2874 csse
1276 2814 1336 2874 iam
1357 2814 1569 2889 indicarimus,
1591 2814 1670 2893 quod
1692 2816 1789 2895 proba
1808 2812 1965 2879 historiae

274 2938 503 2999 adumbratione
524 2938 621 2998 adhuc
643 2955 791 2997 caremus.
835 2935 879 2995 Ut
903 2936 983 2996 enim
1006 2935 1128 3014 quaevis
1151 2954 1210 3005 res,
1233 2953 1309 3013 quae
1332 2935 1444 2995 nonin
1471 2936 1654 3015 cogitatione
1678 2935 1743 2995 solu
1764 2935 1877 3015 posita,
1900 2935 1963 2997 sed

276 3066 360 3118 certo
383 3057 511 3136 quodam
534 3064 673 3136 tempore
694 3062 780 3131 nata,
802 3062 932 3130 mutata,
955 3056 1104 3117 exstincta
1126 3064 1190 3130 cst,
1211 3056 1269 3117 nisi
1290 3063 1461 3135 temporum
1481 3055 1601 3115 illorum
1623 3055 1883 3134 mutationumque
1911 3076 1964 3118 ra-

275 3176 359 3235 tione
374 3173 537 3256 diligenter
556 3175 661 3235 habitu
682 3175 814 3256 perspici
837 3182 869 3235 et
890 3174 1033 3255 explicari
1050 3175 1162 3253 nequit,
1185 3175 1229 3236 sic
1244 3176 1335 3237 etiam
1350 3176 1402 3254 qui
1417 3176 1643 3255 epigrammatis
1658 3175 1791 3236 indolem
1805 3175 1963 3256 probabili

276 3292 480 3373 disputatione
510 3295 716 3356 illustraturus
739 3302 802 3369 est,
823 3315 884 3355 non
907 3295 938 3354 in
963 3294 1087 3355 notione
1110 3296 1277 3374 generatim
1305 3294 1477 3355 delinienda
1498 3301 1581 3355 totus
1603 3296 1742 3373 haereat,
1766 3294 1836 3368 sed,
1857 3296 1963 3372 quoad

276 3415 343 3474 eius
374 3415 443 3475 fieri
476 3421 591 3495 potest,
613 3415 803 3475 demonstret
834 3434 963 3476 necesse
995 3422 1058 3489 est,
1085 3415 1232 3492 aquibus
1264 3414 1359 3474 initiis
1388 3422 1504 3489 ortum,
1526 3435 1585 3492 quo
1618 3423 1757 3496 tempore
1789 3414 1962 3494 quibusque

277 3535 450 3595 auctoribus
473 3536 594 3610 cultum,
616 3535 754 3615 politum,
769 3535 985 3615 amplificatum
1007 3554 1025 3594 a
1046 3533 1175 3614 pristina
1189 3534 1384 3614 simplicitate
1406 3534 1443 3594 ad
1459 3553 1526 3594 eam
1541 3536 1757 3614 praestantiam
1772 3534 1962 3615 peruenerit,

277 3673 366 3734 quam
387 3656 419 3715 in
441 3655 555 3735 optimo
578 3675 697 3734 quoque
719 3654 922 3733 Anthologiae
943 3656 1035 3735 podia
1057 3650 1260 3729 admiramur3
1282 3674 1359 3734 quae
1388 3654 1519 3733 denique
1547 3673 1671 3714 caussae
1699 3653 1814 3714 luerint
1835 3654 1962 3733 quibus-

276 3794 337 3854 que
358 3776 546 3856 temporibus
567 3775 680 3837 lactum
703 3776 753 3848 sit,
775 3781 816 3851 ut,
832 3775 957 3853 reliquis
972 3775 1076 3854 poesis
1091 3774 1254 3852 generibus
1275 3773 1394 3853 longius
1409 3774 1494 3851 quasi
1511 3773 1638 3834 stadium
1662 3793 1828 3847 emensum,
1843 3774 1962 3837 sensim

278 3903 471 3956 extenuatum
494 3897 536 3956 sit
556 3902 645 3975 atque
666 3895 833 3956 evanuerit.
875 3893 944 3954 Hoc
967 3893 993 3953 si
1014 3894 1111 3974 probe
1132 3893 1255 3968 iecoris,
1277 3914 1354 3973 quae
1376 3890 1491 3954 luerint
1512 3894 1736 3973 epigrammatis
1758 3912 1871 3973 genera
1891 3895 1964 3974 ipsu

276 4015 408 4076 historia
428 4015 554 4075 edoctus
568 4035 745 4095 cognosces,
767 4032 860 4095 porro
882 4019 1029 4075 curuata
1050 4032 1167 4092 quaque
1188 4014 1306 4074 ratione
1328 4014 1385 4073 alia
1407 4032 1445 4073 ex
1459 4013 1526 4073 aliis
1548 4014 1688 4094 proiecta
1709 4015 1770 4074 sint
1791 4010 1962 4093 intelliges,

279 4134 397 4214 singula
418 4134 548 4212 denique
570 4155 644 4214 quae
659 4137 792 4196 habeant
814 4135 894 4194 inter
909 4153 943 4195 se
957 4133 1126 4194 communia
1142 4140 1359 4213 perscrutatus,
1374 4153 1476 4192 reram
1491 4133 1547 4193 tibi
1562 4134 1661 4194 animo
1676 4134 1775 4214 tinges
1792 4134 1962 4211 notionem,

280 4274 338 4333 qua
359 4254 569 4335 epigrammati
591 4275 630 4316 ne
650 4257 698 4317 rel
719 4256 818 4317 aliena
838 4253 1027 4315 inculcentur
1046 4253 1094 4314 uel
1115 4249 1239 4334 propria
1260 4253 1430 4328 demantur,
1452 4259 1571 4323 cautum
1595 4255 1654 4315 erit
1676 4253 1785 4315 Talem
1807 4251 1962 4316 historiae

280 4456 356 4463 ——-
370 4455 538 4463 ——-—.
562 4457 582 4464 .--

346 4608 400 4672 13)
430 4610 513 4663 Simili
533 4611 632 4660 ratione
653 4610 701 4661 iam
722 4627 787 4663 usus
809 4623 850 4665 est
866 4616 892 4665 J.
914 4614 944 4664 C.
967 4615 1085 4682 Scaliger
1100 4614 1220 4663 roeticas
1237 4616 1257 4665 l.
1279 4615 1327 4665 lll.
1348 4629 1371 4664 c.
1393 4613 1519 4664 cxxv1.
1540 4629 1565 4675 p.
1589 4609 1647 4662 431
1672 4629 1728 4663 eum
1751 4617 1825 4665 dicit:
1846 4615 1964 4683 „recipit

280 4706 366 4748 autem
379 4699 565 4766 (epigramma)
581 4710 655 4745 omne
670 4714 753 4763 genus
769 4704 887 4768 poeseos,
903 4693 1057 4766 διαλογικὸν
1072 4703 1129 4750 sire
1144 4693 1322 4765 desponsabo,
1335 4708 1361 4750 et
1375 4692 1571 4766 διηγηματικὸν
1586 4708 1612 4749 et
1627 4691 1748 4766 pturov.“

347 4779 400 4843 ll)
430 4785 470 4836 ct.
487 4784 617 4833 ilistoriae
631 4785 718 4846 possis
732 4800 773 4852 gr.
790 4788 997 4839 delineationem.
1014 4793 1033 4838 t.
1047 4788 1084 4839 ll.
1097 4801 1127 4849 p.
1145 4780 1225 4835 1054
1243 4800 1300 4846 sqq.
