4464 5880
1055 534 1100 607 15

230 760 348 824 cunque
378 740 560 821 fragmentis
592 738 766 800 vellona-
783 739 987 801 oonuisiorum
1014 742 1145 822 sestigie
1163 740 1331 817 detexerat,
1354 761 1391 801 ea
1414 740 1453 801 ad
1472 741 1630 821 singulare
1650 743 1771 823 aliquod
1793 745 1913 827 elegiae

229 878 326 945 genus
346 860 509 923 referenda
528 879 600 922 esse
620 858 747 941 putavit,
769 859 850 938 qnod
869 860 1093 940 symporianum
1113 861 1177 922 aire
1198 861 1363 938 conviviale
1385 861 1559 922 nominavit.
1585 859 1681 923 =Tale
1694 863 1775 925 anim
1797 865 1915 944 elegiae

230 982 325 1064 'genua
359 982 509 1061 nunquam
541 976 717 1062 emeterii),
738 981 833 1057 imme
864 999 973 1041 omnes
1003 979 1119 1060 elegius
1149 1000 1189 1041 eo
1215 981 1356 1042 oonsilio·
1371 981 1558 1062 namprositas
1578 981 1676 1043 inissa
1696 981 1915 1064 Mumam‘q

229 1103 349 1182 docuit,
366 1109 400 1171 nt
415 1103 474 1162 *lu
489 1100 637 1165 conuiuiis
663 1100 855 1179 mubneque
889 1101 921 1160 iu
942 1106 1080 1161 extreme
1099 1120 1206 1162 earnm
1228 1107 1334 1181 parte,
1357 1101 1408 1180 qni
1429 1101 1538 1182 eripede
1555 1101 1739 1176 uocabatur,
1761 1102 1799 1162 ad
1820 1103 1914 1165 tibias

231 1223 339 1284 modos
359 1228 553 1283 canmemnn
576 1221 725 1300 At-qusa·
737 1221 809 1281 lrsic
823 1219 989 1299 elegiarum
1002 1221 1110 1300 generi
1124 1240 1192 1281 curn
1206 1220 1386 1281 funebribus
1401 1221 1464 1282 illis
1477 1218 1619 1283 euntibus
1633 1223 1913 1285 eateammunltaai

229 1342 336 1405 Audio.
380 1341 550 1420 Exsequias
571 1346 711 1422 peractas
734 1340 939 1419 sequebantur
960 1341 1068 1422 epulae
1089 1338 1387 1425 (hepidarnvoniw),
1408 1361 1483 1420 quas
1505 1342 1625 1402 inibant
1644 1349 1811 1422 parentes,¹
1827 1341 1913 1404 etia

228 1463 279 1524 hia
298 1463 348 1524 vol
369 1462 492 1542 elegias,
515 1480 593 1539 quse
614 1461 646 1523 in
674 1462 743 1541 ipso
771 1460 881 1521 funere
901 1468 1041 1535 cantatae
1063 1469 1166 1537 erant,
1187 1462 1324 1536 iteratas,
1345 1461 1394 1521 rel
1416 1461 1491 1521 alias
1512 1461 1656 1539 quasdam
1679 1462 1824 1523 recitatas
1845 1480 1916 1525 esse

227 1583 293 1643 reri
314 1589 363 1643 est
378 1578 627 1658 simillimam‘t).
670 1581 748 1642 Cum
779 1587 881 1643 tamen
913 1581 962 1642 rel
993 1582 1082 1643 locus
1112 1581 1268 1662 postulare
1300 1581 1464 1656 videretur,
1496 1589 1531 1642 nt
1563 1600 1741 1642 amaerore
1762 1580 1802 1643 ad
1823 1581 1915 1663 nimi

230 1701 478 1781 tranquillitatem
510 1702 611 1780 aliquo
643 1700 733 1761 modo
765 1709 980 1761 revocarentur
1013 1702 1064 1780 qui
1097 1700 1231 1776 aderant,
1254 1709 1286 1763 et
1318 1701 1543 1762 consolationes
1577 1700 1694 1760 additos
1730 1719 1801 1761 esse
1823 1699 1916 1763 etad

228 1819 412 1881 hilaritutem
434 1820 525 1880 animi
553 1820 792 1901 recuperandam
821 1821 1048 1883 cohortationes
1074 1840 1114 1880 ex
1134 1820 1313 1881 Archilochi
1335 1821 1443 1901 elegis,
1464 1820 1505 1882 de
1524 1840 1585 1899 qua
1607 1840 1700 1901 supra
1720 1836 1825 1883 sermo
1855 1818 1916 1880 tuit

228 1940 272 2020 (p.
289 1934 354 2019 le),
375 1940 581 2020 cognoscitur.
624 1940 672 2001 Es
686 1939 745 2001 hac
767 1959 854 2001 more
874 1939 988 2001 iactum
1009 1939 1144 2016 videtur,
1167 1948 1210 2015 nt,
1233 1941 1284 2002 nbi
1306 1942 1366 2001 ism
1387 1941 1487 2002 luctus
1508 1961 1570 2002 non
1593 1946 1688 2015 esset,
1708 1941 1792 2020 pravi
1813 1946 1917 2003 tamea

228 2076 298 2119 oum
317 2067 534 2139 premerentur
553 2059 734 2135 calamitate,
748 2061 797 2121 rel
817 2059 1023 2141 impendentis
1044 2070 1129 2120 metu
1150 2061 1373 2136 cruciarentur,
1394 2058 1667 2140 uiollibuselegiaa
1687 2060 1824 2121 sumeris
1844 2077 1918 2123 euu-

230 2185 431 2258 numerentur
451 2181 568 2259 pnitae·
585 2186 620 2240 et
638 2178 755 2240 doloris
776 2178 973 2240 acerbitatem
996 2179 1136 2240 minuere
1155 2179 1326 2242 studerent.
1369 2179 1422 2241 Sia
1435 2179 1581 2256 Gallione,
1604 2200 1673 2242 eam
1694 2198 1785 2261 grum
1799 2179 1916 2260 patriae

228 2295 402 2359 immineret
415 2299 581 2380 periculum
593 2298 714 2360 funesta
734 2298 842 2360 cisium
859 2298 999 2360 socordia
1013 2305 1143 2372 auctum,
1159 2300 1287 2361 civitatis
1304 2298 1511 2361 conditionem
1525 2306 1721 2379 conquestus,
1744 2306 1779 2361 ut
1798 2299 1916 2378 ignaria

226 2418 349 2479 tandem
371 2419 489 2479 abiectu
503 2419 620 2494 hostes,
635 2438 712 2499 qnos
728 2418 909 2480 Cimmerios
927 2420 1025 2480 irrisae
1046 2423 1198 2495 statuunt,
1219 2421 1332 2480 acriter
1351 2421 1576 2501 propulsarent,
1597 2420 1757 2481 fervidiori
1778 2419 1916 2480 oratione

227 2538 351 2598 iuvenes
367 2538 541 2599 cohortatus
553 2535 662 2612 est⁵⁰);
685 2537 759 2599 sica
773 2537 1187 2618 'lyrtaeolnacedaemenim
1198 2559 1269 2601 cum
1282 2538 1391 2602 animia
1402 2539 1597 2616 cecidissent,
1619 2541 1658 2601 ad
1679 2540 1838 2621 pristinam
1859 2539 1918 2599 vir-

226 2663 324 2720 tutem
346 2676 491 2719 accensos
512 2676 584 2721 esse
605 2664 735 2719 mnatat
778 2657 936 2735 Quomodo
956 2679 1031 2720 rero
1052 2659 1167 2721 iactam
1181 2660 1233 2735 ait,
1257 2667 1293 2721 ut
1310 2659 1418 2738 elegis,
1439 2679 1510 2720 cum
1528 2661 1625 2721 semel
1645 2667 1785 2740 angusta,
1807 2659 1916 2738 quibus

227 2777 327 2839 luctus
363 2778 585 2859 significatione
620 2779 849 2861 circamecripta
883 2780 1059 2855 tenebatur,
1096 2780 1229 2841 claustra
1264 2781 1471 2861 perrupisset,
1491 2780 1523 2840 in
1550 2799 1658 2841 omnes
1685 2799 1755 2840 enm
1777 2779 1917 2860 publicae

228 2905 290 2959 tam
313 2898 449 2979 priuatae
468 2900 550 2960 ritae
571 2919 622 2961 rea
645 2919 715 2960 sese
737 2902 822 2979 qusai
844 2899 1025 2975 effunderet,
1048 2919 1110 2960 non
1132 2900 1284 2979 estquod
1306 2900 1443 2981 pluribus
1464 2899 1566 2961 sorbis
1587 2899 1733 2960 dieamus.

313 3018 362 3081 Ad
382 3019 462 3078 banc
481 3019 600 3098 elegiae
619 3020 770 3083 rationem
798 3020 1059 3081 eceornmodatum
1080 3026 1130 3080 est
1150 3019 1347 3100 proximeque
1369 3019 1502 3080 aceessit
1521 3018 1743 3099 qriprannnotia
1756 3015 1789 3078 iul
1809 3034 1916 3097 genua,

228 3154 289 3215 quo
311 3137 343 3198 in
364 3136 499 3199 donariis
519 3139 667 3220 inscripta
688 3141 736 3199 rel
758 3139 957 3203 dedicationis
971 3158 1078 3201 cauam
1099 3140 1220 3219 exponi,
1243 3139 1292 3201 ret
1307 3139 1512 3200 dedicantium
1527 3139 1653 3200 nomina
1669 3137 1823 3200 contineri
1835 3135 1916 3200 sole·

229 3256 312 3317 bant.
355 3255 433 3317 Nam
454 3276 555 3337 neque
575 3276 629 3320 res
649 3259 824 3334 defuerant,
847 3279 922 3340 ques
941 3258 1173 3340 religiosiseima
1186 3258 1375 3321 Graecorum
1390 3278 1468 3340 gens
1481 3259 1648 3338 eademqne
1663 3257 1762 3319 laudis
1782 3255 1915 3337 espldk·

228 3374 306 3436 sima
340 3375 592 3457 inseriptlouiius
628 3377 730 3439 ornari
764 3387 900 3460 cuperet.
945 3380 1004 3457 Qui
1040 3400 1110 3441 cum
1145 3388 1270 3441 cunctas
1301 3399 1353 3441 res
1374 3380 1523 3441 humanas
1544 3378 1678 3440 Deorum
1698 3376 1916 3440 immortalium

228 3495 352 3557 numine
373 3495 589 3572 administrari,
609 3516 684 3568 curs
703 3499 779 3579 regi,
801 3499 937 3560 consiliis
959 3506 1077 3561 certum
1093 3500 1258 3569 aderitum
1273 3499 1401 3581 perduci
1422 3500 1481 3561 sibi
1495 3498 1730 3582 persuasisaent,
1751 3496 1917 3581 aliem

226 3612 428 3690 iaroestiuse,
449 3616 651 3696 quodcunque
671 3619 768 3679 auturl
794 3625 897 3694 erant,
920 3618 1030 3695 ordiri,
1063 3619 1101 3680 sd
1122 3638 1215 3700 opem
1244 3619 1374 3681 divinam
1401 3639 1509 3681 omnes
1534 3620 1631 3680 laatoa
1659 3637 1763 3681 rarum
1789 3622 1916 3681 eventus

226 3739 315 3813 grata
337 3739 442 3796 mento
462 3734 583 3799 ralerre
605 3744 797 3799 consuerant.
841 3739 938 3815 Quam
959 3747 994 3801 ut
1020 3739 1106 3800 iacto
1124 3739 1379 3816 demonstrarent,
1401 3758 1464 3801 ιιι
1486 3739 1585 3800 solum
1606 3756 1757 3819 aprorum,
1778 3755 1916 3818 megan,

227 3852 397 3915 uenationis
428 3853 579 3934 primitias
601 3854 667 3917 liiis
700 3855 883 3933 afferebant,
915 3858 980 3933 sed,
1012 3859 1045 3920 in
1081 3859 1190 3939 quibus
1222 3859 1270 3920 rel
1300 3860 1429 3922 maxima
1450 3877 1598 3941 praesens
1618 3857 1752 3920 Deorum
1773 3854 1916 3920 auritus

226 3973 345 4053 experti
364 3981 466 4050 erant,
487 3974 578 4036 bellis
597 3974 733 4039 feliciter
752 3978 859 4057 gestis,
881 3979 1013 4059 praedae
1033 3987 1153 4060 partem
1176 3981 1471 4060 praestantissimam
1485 3979 1551 4040 lilla
1578 3977 1778 4061 mpnnebant
1818 3984 1918 4041 m

226 4110 286 4169 qne
305 4092 448 4154 hostibus
467 4093 607 4165 detrsota
627 4096 659 4159 in
680 4097 804 4179 templis
824 4097 1022 4178 delubrisque
1043 4099 1239 4177 dedicabant,
1262 4119 1319 4163 neo
1341 4101 1441 4163 minua
1455 4099 1600 4163 victuriae
1614 4100 1645 4161 in
1667 4097 1797 4181 publicis
1817 4101 1917 4159 oeris-

294 4469 348 4537 ld)
377 4479 420 4531 ct.
436 4482 514 4530 etism
528 4481 665 4532 Weleksrl
681 4495 817 4533 censuram
832 4485 851 4536 l.
866 4485 922 4546 tp.
938 4479 997 4535 437
1014 4500 1075 4546 ιιι.

295 4558 349 4621 m)
378 4565 478 4618 lilatm.
493 4567 543 4619 litt.
558 4579 664 4636 gnere.
679 4562 701 4620 l.
712 4583 739 4631 p.
756 4561 829 4622 len.

294 4641 351 4706 48)
379 4646 460 4700 Plura
472 4662 502 4701 ν.
516 4665 558 4715 ap.
573 4654 717 4704 herbarum
732 4655 760 4703 la
775 4652 896 4706 chameis
909 4670 939 4719 p.
955 4647 1027 4708 tot.
1043 4669 1103 4716 sqq.

292 4724 348 4792 tt)
372 4732 416 4787 cr.
430 4734 523 4786 ιιιιιι.
536 4739 602 4791 usn.
617 4754 645 4803 ι.
661 4734 737 4794 ιιι.

291 4811 347 4879 50)
375 4804 658 4876 cn'sessnewnn
674 4825 819 4889 sermome.
834 4836 877 4894 gr.
891 4821 912 4878 l.
924 4819 987 4890 ι.Ι
1004 4838 1062 4886 sun·
