4464 5880
1092 523 1138 597 nl

270 735 458 812 iniuriaeque
490 731 656 792 uiatoribus
687 729 792 791 illatae
824 727 974 790 sindicem
1007 746 1077 787 esse
1110 727 1327 807 pronunciaret
1359 725 1490 804 ideoque
1522 727 1729 806 praeciperet,
1758 735 1792 790 nt
1813 729 1960 790 iustitiam

270 855 407 915 colerent
427 855 672 931 praetereuntes,
682 866 745 912 non
765 846 888 909 aliunde
906 846 1039 928 repetita
1050 852 1134 909 esset
1145 846 1329 922 cohortatio,
1351 845 1406 907 sed
1428 864 1497 906 cnm
1519 845 1587 926 ipsa
1608 866 1653 921 re,
1674 847 1726 906 ubi
1747 847 1961 927 legitur,bene

271 977 454 1052 congrueret
475 976 507 1031 et
528 969 720 1044 cohaereret,
741 969 914 1046 iustumque
936 966 998 1027 boc
1019 972 1105 1028 esset
1126 966 1323 1047 epigramma,
1345 963 1514 1025 cuiusmodi
1535 965 1632 1026 multe
1652 965 1685 1026 in
1705 964 1890 1046 Anthologis
1909 983 1962 1027 ex·

272 1096 364 1157 atone
395 1087 532 1153 Necesse
542 1093 592 1150 est
611 1087 716 1167 igitur,
737 1085 786 1147 vel
807 1086 899 1148 rebus
921 1085 998 1165 ipsis
1017 1085 1101 1160 insit,
1123 1103 1183 1163 qno
1204 1085 1389 1146 intuentium
1410 1083 1503 1144 animi
1524 1091 1713 1159 moveantur,
1733 1084 1782 1145 rel
1794 1084 1875 1163 scita
1891 1101 1960 1147 sen·

270 1209 434 1271 tentiarum
446 1205 689 1270 conforrnatione
700 1204 861 1267 inferatur.
883 1201 961 1265 lllnd
975 1222 1044 1264 curn
1057 1203 1187 1263 maxime
1202 1201 1289 1264 cadat
1309 1202 1341 1263 in
1352 1219 1405 1263 eas
1418 1220 1478 1277 res,
1489 1222 1568 1282 quae
1578 1203 1781 1282 antiquiorum
1803 1203 1963 1283 poitsrum

272 1326 499 1407 epigrsrnmatis
520 1325 667 1386 illustrari
690 1324 801 1398 solent,
823 1341 891 1383 cnm
913 1322 980 1383 solo
1003 1327 1268 1383 monumentorum
1291 1319 1505 1400 sepulcralinm
1530 1328 1563 1380 et
1582 1320 1777 1382 donariorum
1798 1325 1965 1399 conspectu

272 1445 488 1524 intelligamus,
510 1443 618 1521 quibus
651 1441 744 1504 animi
776 1441 937 1503 affectibus
971 1442 1117 1504 commoti
1149 1440 1283 1515 inerint,
1305 1439 1356 1518 qui
1389 1459 1425 1499 ea
1447 1438 1648 1500 condiderunt
1669 1445 1703 1501 et
1723 1438 1772 1499 vel
1794 1439 1894 1499 luctus
1916 1434 1965 1499 rel

272 1562 398 1644 pietatis
429 1561 612 1622 documenta
643 1579 713 1622 esse
746 1560 916 1634 noluerunt,
950 1579 1017 1621 cum
1050 1579 1110 1638 quo
1142 1559 1318 1640 pulchriora
1349 1558 1456 1637 reique
1488 1558 1664 1649 propositae
1686 1558 1804 1638 aptiora
1826 1558 1905 1632 sint,
1924 1573 1964 1616 eo

273 1679 393 1742 isciiina
414 1679 531 1743 animus
551 1685 669 1757 noster,
691 1679 773 1742 idem
795 1687 830 1741 ut
850 1680 973 1754 sentiat,
994 1686 1223 1760 permoveatur:
1244 1677 1494 1758 inscriptionibus
1509 1696 1546 1738 es
1559 1683 1677 1739 tanturn
1692 1678 1866 1740 indicentur
1886 1692 1964 1758 opus

273 1806 332 1874 est,
364 1819 441 1878 quae
469 1800 673 1861 monumentis
695 1800 771 1880 ipsis
794 1819 854 1860 non
876 1798 1031 1872 doeemur,
1061 1799 1144 1860 seint
1166 1797 1302 1858 defuncti
1323 1797 1371 1859 sel
1393 1797 1560 1860 dedicantis
1583 1816 1704 1872 nomen,
1727 1815 1833 1877 genus,
1853 1795 1963 1876 patria.

272 1917 341 1980 blac
362 1918 597 1998 inscriptionum
618 1936 725 1997 genus,
748 1917 829 1997 qnod
850 1924 949 1980 totum
971 1937 1010 1979 ex
1031 1936 1065 1978 re
1086 1917 1186 1996 aliqua
1201 1924 1327 1979 externa
1341 1916 1466 1997 pendet,
1480 1918 1569 1996 eique
1584 1915 1832 1996 interpretandae
1845 1932 1964 1976 accom-

272 2034 427 2099 modatum
449 2043 506 2108 est,
528 2035 771 2114 antiquissimum
791 2035 859 2097 init.
893 2035 1056 2112 Quamdiu
1078 2055 1150 2096 sero
1173 2035 1247 2096 solis
1269 2035 1301 2095 in
1322 2036 1417 2096 rebus
1431 2035 1614 2114 ineratque
1636 2054 1745 2096 sensns
1767 2035 1963 2108 excideretur,

273 2164 306 2215 et
326 2154 543 2233 inscriptiones
565 2173 682 2216 merum
705 2161 793 2217 erant
814 2154 1063 2229 additamentum,
1085 2154 1166 2233 quod
1189 2154 1272 2213 nullo
1287 2152 1520 2232 significationis
1535 2153 1719 2215 detrimento
1741 2153 1833 2215 etiam
1854 2153 1965 2215 abesse

272 2278 405 2351 poterat,
425 2272 462 2333 ad
477 2273 598 2353 poesim
612 2273 684 2335 illae
698 2292 759 2335 non
774 2273 980 2353 pertinebant,
994 2274 1106 2353 quippe
1122 2273 1216 2345 onius,
1240 2278 1273 2331 nt
1295 2272 1394 2331 ononis
1416 2271 1540 2332 omnino
1563 2273 1648 2348 artis,
1669 2274 1746 2334 baec
1767 2273 1809 2333 sit
1822 2289 1966 2352 suprema

272 2389 331 2466 les,
353 2395 398 2465 nt,
417 2409 497 2469 qnae
517 2390 578 2452 boe
609 2390 734 2452 nomine
766 2390 856 2469 digna
879 2390 950 2464 sint,
980 2410 1041 2451 non
1073 2388 1172 2451 aliena
1205 2397 1380 2469 sequantur,
1413 2389 1467 2451 sed
1500 2390 1531 2452 in
1554 2409 1589 2452 se
1610 2391 1797 2453 habeantet
1817 2391 1911 2451 tinem
1932 2395 1966 2451 et

275 2525 422 2576 cansssm
467 2507 576 2570 Pnbsis
596 2508 693 2587 igitur
712 2517 747 2568 nt
768 2514 906 2570 naturam
921 2507 1093 2585 induerent,
1114 2507 1261 2569 accedere
1276 2509 1335 2569 iem
1354 2507 1466 2586 sliquid
1481 2510 1654 2588 oportebst,
1675 2529 1735 2589 quo
1756 2511 1841 2590 ipsae
1861 2511 1965 2588 legen·

273 2625 478 2687 tinmanimes
500 2633 706 2687 morerentac
727 2633 879 2687 tenerent.
911 2625 999 2702 Quod
1022 2645 1081 2704 qua
1102 2625 1161 2686 alia
1182 2626 1462 2688 reeiiicacinsiieri
1483 2627 1622 2706 potnisse
1644 2629 1775 2708 putabis,
1798 2629 1858 2690 nisi
1873 2627 1964 2707 qnod,

272 2744 334 2824 ipsi
359 2742 430 2822 qnid
462 2739 632 2805 sensissent
660 2744 888 2824 epigrammatis
916 2750 1074 2817 auctores,
1096 2744 1198 2804 serbis
1219 2747 1391 2824 exprimere
1419 2744 1604 2807 studebant?
1644 2745 1738 2809 Unde
1765 2766 1833 2807 cam
1855 2746 1967 2826 duplex

274 2869 375 2922 ortum
396 2867 481 2923 esset
502 2863 731 2943 epigrammatis
753 2863 839 2941 qnasi
861 2882 980 2937 munus,
1003 2873 1036 2923 nt
1058 2882 1127 2923 curn
1148 2863 1358 2944 inscriptionis
1380 2865 1486 2939 instar,
1508 2865 1557 2926 cni
1578 2865 1728 2944 originem
1750 2865 1893 2939 debebat,
1914 2880 1966 2927 res

274 2980 343 3043 illas
363 2988 506 3042 externas
528 2988 707 3061 expaneret,
728 2988 793 3043 tnns
815 2981 852 3042 aal
875 2982 988 3060 lyricae
1010 2982 1114 3062 poiiais
1136 2981 1237 3060 legem
1252 2985 1361 3060 poitse
1381 2990 1517 3045 mentem
1539 2991 1572 3045 et
1586 2984 1745 3046 consilium
1767 2985 1965 3064 exprimeret,

275 3097 386 3180 duplex
408 3099 501 3159 etiam
523 3099 603 3160 rstio
624 3106 804 3165 nasceretur
825 3119 953 3162 necesse
975 3106 1050 3163 erat.
1094 3099 1286 3167 Frontoniur
1313 3100 1493 3163 alterutram
1515 3103 1613 3181 magis
1627 3103 1835 3180 sequebantur
1843 3104 1966 3183 poetes,

274 3223 328 3279 ant
347 3217 440 3281 rebns
462 3218 594 3285 narratis
616 3236 702 3281 suam
723 3219 818 3281 simul
840 3224 973 3280 mentem
1001 3218 1177 3280 indicebant
1203 3238 1262 3279 nna
1290 3238 1383 3299 saepe
1405 3220 1511 3281 roonis
1532 3220 1695 3299 proditam,
1716 3228 1769 3282 aut
1789 3240 1893 3283 rerum
1914 3240 1965 3284 ex·

274 3336 427 3417 positione
449 3337 639 3418 posthabita,
661 3336 733 3416 quid
760 3338 821 3418 ipsi
851 3338 1037 3412 sensissent,
1059 3337 1212 3399 illustrsre
1234 3338 1397 3399 malebant.
1442 3339 1489 3400 Ab
1511 3339 1580 3413 illa,
1601 3356 1689 3419 quam
1711 3339 1848 3419 priorem
1867 3339 1966 3403 inisse

276 3462 310 3517 et
335 3459 457 3536 tempus
489 3462 522 3517 et
553 3475 604 3519 rea
627 3456 694 3538 ipsa
715 3456 925 3536 comprobant,
947 3456 986 3517 ad
1007 3457 1135 3518 sltcram
1157 3458 1330 3531 transitum,
1351 3463 1384 3517 et
1405 3458 1525 3538 pobsim
1552 3459 1829 3538 epigrammaticsra
1850 3459 1895 3521 ita
1913 3478 1966 3523 ex·

275 3572 388 3633 cultam
409 3591 489 3647 esse,
513 3580 546 3635 nt
566 3576 698 3638 erebus
719 3575 856 3637 externis
877 3574 914 3634 ad
937 3594 983 3644 ea,
994 3594 1072 3654 qnae
1086 3576 1188 3637 animo
1202 3579 1335 3656 cogitate
1356 3595 1507 3656 sensaque
1527 3583 1626 3652 erant,
1646 3578 1749 3641 serbis
1769 3578 1967 3661 exprimends

275 3691 497 3767 traduceretur,
518 3710 587 3754 cam
609 3693 769 3757 universae
790 3694 895 3775 poissia
916 3693 1040 3774 lyriese,
1063 3702 1127 3756 tum
1149 3696 1377 3776 epigrammstis
1398 3695 1529 3757 historia
1550 3696 1707 3776 probatur.

339 3811 534 3889 Ambilocbi,
567 3813 769 3892 antiquissimi
801 3814 832 3876 in
852 3814 914 3876 boc
936 3831 1052 3894 genere
1073 3816 1200 3894 poetae,
1221 3814 1339 3877 duobus
1367 3815 1596 3896 epigrsmmatis
1618 3814 1761 3891 duorum,
1789 3833 1869 3895 qnae
1889 3817 1964 3877 anti·

276 3931 416 4010 qniorum
438 3937 612 4012 temporum
633 3951 690 3995 usu
711 3933 867 3995 celebrata
892 3939 998 4009 erant,
1019 3951 1166 4014 generum
1194 3934 1275 3994 rstio
1297 3935 1383 4013 quasi
1411 3934 1443 3995 in
1464 3933 1632 4015 archetypo
1652 3952 1800 4015 expressa
1819 3935 1964 3997 retertur.

275 4049 365 4127 Quod
386 4058 526 4130 tempore
546 4050 678 4129 primum
700 4059 750 4114 est
770 4048 1141 4129 (soan.1‘at.v11.ttl)‚
1162 4070 1224 4113 non
1246 4052 1322 4115 item
1343 4053 1381 4112 ab
1403 4058 1470 4115 arte
1492 4057 1542 4119 est
1555 4052 1828 4136 simplie‘uaimuaas
1849 4054 1964 4116 eteni-

275 4186 338 4231 non
357 4174 464 4230 narrat
485 4170 588 4248 poirta,
610 4168 665 4231 sed
694 4176 808 4233 terram
829 4171 1009 4252 alloquitur,
1030 4190 1108 4250 quaa
1128 4177 1233 4233 tantos
1258 4179 1381 4250 tamque
1402 4190 1511 4251 graves
1537 4172 1620 4235 siros
1640 4179 1796 4254 mntegat.
1837 4171 1963 4235 Duobus

275 4286 431 4351 racsbalis
457 4287 568 4351 leniter
582 4289 708 4351 mutatis
719 4283 753 4372 (ἢ
773 4287 897 4373 μεγάλη
920 4283 987 4371 γαῖ’
1010 4284 1196 4373 ὑπένερθεν
1217 4285 1297 4372 ἔχει)
1325 4309 1376 4353 raa
1398 4298 1556 4365 narratnre
1585 4299 1618 4354 at
1645 4292 1831 4355 allocutione
1850 4295 1963 4369 quanta

276 4403 402 4471 sinidior
423 4407 478 4471 ilat
499 4407 609 4484 oratio,
630 4426 691 4470 aon
714 4414 763 4471 eat
783 4408 866 4489 quod
886 4427 1037 4473 moneam.
1080 4410 1180 4473 Multa
1200 4415 1302 4473 umen
1333 4416 1454 4475 exstant
1474 4411 1693 4493 epigrammata
1712 4426 1809 4488 eaque
1830 4409 1871 4472 ab
1891 4415 1962 4473 arta

276 4519 498 4603 laudatissirm,
520 4546 597 4608 qnae
618 4524 842 4608 simpliciorem
868 4529 1020 4593 rstionem
1049 4534 1227 4609 sequuntur.
1270 4528 1374 4591 Primo
1401 4529 1470 4591 loco
1496 4526 1796 4594 commemorandam
1815 4534 1867 4591 est
1886 4527 1964 4611 Sap·

276 4640 357 4721 pians
378 4643 474 4725 epigr.
506 4644 542 4706 li.
576 4644 1219 4729 (eninm.vt1.5br3),quorinautto
1250 4650 1413 4710 verborum
1435 4657 1545 4712 ornatu
1566 4650 1621 4710 lilii
1653 4646 1816 4729 piscatoria
1848 4645 1965 4710 mnu·

275 4768 365 4842 pater
384 4763 460 4825 artis
480 4763 682 4829 instrumenta
704 4767 887 4850 imposuisse
909 4775 1065 4846 narratur,
1088 4775 1229 4847 tanqusm
1249 4768 1381 4830 miserae
1410 4769 1490 4832 ritae
1512 4766 1615 4851 signa;
1637 4771 1750 4849 quanta
1770 4771 1875 4830 tamea
1893 4784 1964 4828 casa
