4464 5880
1069 557 1093 628 7

238 776 396 836 literarum
417 771 557 852 peritiori
578 769 805 850 probaverimus
828 774 869 842 et,
891 773 925 827 ut
946 764 1174 847 epigrammatis
1195 765 1326 827 historia
1346 765 1468 826 tandem
1483 765 1643 840 scribatur,
1666 776 1805 832 auctores
1827 772 1919 832 lueri·

240 914 314 970 mus,
337 911 449 974 operae
470 891 602 972 pretium
622 889 737 951 iecisse
759 887 846 949 nobis
867 885 1046 946 ridebimur.
1084 884 1145 966 ipsi
1165 904 1222 966 pro
1243 886 1304 947 loci
1325 885 1493 966 viriumque.
1514 886 1634 947 ratione
1655 889 1832 967 paniculum
1855 899 1920 952 tan-

240 1025 303 1076 tum
325 1015 419 1075 totius
441 1011 544 1092 operis
571 1010 730 1090 elegimus,
750 1009 782 1070 in
810 1003 1038 1088 epigrammatis
1068 1005 1217 1087 originem
1246 1003 1418 1085 inquisituri
1441 1025 1578 1086 quaeque
1600 1007 1698 1087 prima
1720 1007 1802 1084 elus,
1822 1017 1856 1071 ut
1877 1012 1919 1072 ita

239 1134 383 1207 dicamus,
405 1138 505 1192 aetate
527 1136 598 1191 nata
618 1129 758 1207 cultaque
784 1128 846 1189 sint
867 1145 980 1208 genera
1001 1126 1247 1189 demonstraturi.
1291 1127 1376 1204 Quae
1398 1127 1479 1187 enim
1501 1127 1534 1187 in
1554 1126 1742 1206 singulomm
1764 1127 1920 1192 hominum

239 1256 299 1316 vita
326 1261 443 1315 aetates
469 1250 698 1330 conspiciuntur
726 1249 833 1309 virium
861 1247 1080 1317 crescentium,
1101 1247 1282 1326 vigentium,
1305 1246 1484 1321 labentium,
1506 1246 1630 1308 eaedem
1657 1245 1725 1307 iere
1753 1248 1784 1307 in
1812 1249 1921 1310 artium

239 1374 320 1434 cultu
343 1369 531 1452 deprehendi
553 1369 663 1432 solent.
707 1368 787 1429 Tres
808 1369 901 1448 igitur
915 1366 1179 1448 epigrammaticae
1196 1368 1299 1447 poliais
1321 1373 1437 1427 aetates
1452 1368 1622 1440 statuimus,
1644 1386 1770 1445 quarum
1792 1370 1921 1447 primam

239 1495 277 1555 ab
299 1492 487 1553 Archilocho
501 1490 539 1550 ad
554 1489 752 1550 Aristotelem
775 1508 871 1567 usque
886 1487 1068 1561 deducimus,
1091 1487 1218 1548 alteram
1241 1486 1278 1547 ad
1300 1487 1420 1567 imperii
1435 1486 1563 1548 Romani
1586 1507 1748 1566 eorumque
1763 1491 1923 1569 poetarum

239 1622 386 1694 tempora,
408 1612 458 1691 qui
480 1612 511 1671 iu
533 1609 668 1691 Philippi
682 1609 968 1669 Thessalonicensis
989 1626 1103 1669 coroua
1116 1615 1324 1681 recensentur,
1345 1607 1467 1667 tertiam
1489 1627 1585 1686 usque
1608 1607 1645 1666 ad
1665 1609 1768 1687 graeci
1790 1611 1921 1671 nominis

238 1734 392 1794 interitum
415 1731 600 1812 pertinuisse
621 1737 770 1811 putamus.
815 1727 1012 1789 Aristotelem
1043 1746 1116 1788 vero
1144 1747 1198 1788 cur
1226 1729 1256 1787 in
1282 1728 1400 1808 primae
1429 1729 1537 1788 aetatis
1565 1728 1648 1788 exitu
1669 1747 1863 1808 poneremus,
1885 1748 1921 1789 es

239 1853 297 1913 luit
318 1871 435 1926 caussa,
457 1852 539 1931 quod
566 1871 603 1911 eu
631 1851 697 1911 eius
725 1848 796 1910 inde
829 1857 982 1928 tempore,
1004 1847 1129 1926 reliquis
1163 1848 1266 1927 podsis
1294 1848 1456 1927 generibus
1490 1847 1556 1907 lere
1579 1848 1747 1923 exstinctis,
1783 1868 1851 1908 cum
1884 1849 1921 1908 ad

239 1973 388 2054 ampliora
408 1971 567 2053 pangenda
589 1970 704 2050 ingenii
725 1971 805 2029 vires
827 1986 888 2029 non
910 1969 968 2028 iam
991 1975 1206 2048 suppeterent,
1227 1968 1368 2028 breuiora
1389 1968 1466 2028 haec
1487 1970 1629 2048 poemata
1650 1967 1795 2047 singulari
1818 1967 1919 2029 studio

239 2092 298 2153 coli
321 2092 412 2153 etad
434 2091 635 2152 summamin
658 2089 843 2170 argumentis
865 2088 1041 2150 uarietatem
1064 2089 1198 2166 artisque
1220 2088 1439 2167 praestantiam
1462 2088 1589 2168 provehi
1620 2095 1729 2166 coepta
1750 2096 1829 2148 sunt.
1873 2087 1919 2148 Ab

239 2212 296 2273 hac
318 2213 457 2273 ubertate
479 2230 545 2273 cum
569 2219 640 2293 post
660 2208 833 2290 Philippum
855 2209 940 2270 ilium
961 2209 1147 2288 epigramma
1161 2207 1346 2281 deflexisset,
1369 2214 1552 2268 nontamen
1575 2207 1611 2266 ad
1627 2207 1785 2288 pristinam
1807 2205 1921 2287 simpli·

238 2334 360 2394 citatem
381 2331 484 2407 rediit,
506 2330 562 2392 sed
584 2330 675 2391 variis
696 2329 789 2390 veluti
811 2328 955 2409 gradibus
976 2326 1132 2408 delapsum
1156 2327 1246 2388 aimul
1267 2347 1338 2388 cum
1361 2326 1458 2387 literis
1479 2329 1596 2405 graecia
1619 2327 1752 2388 deletum
1774 2332 1831 2386 est

997 2785 1076 2859 cti.
1109 2787 1161 2860 lli.

302 2960 363 3020 iam
385 2977 459 3019 socc
481 2957 672 3039 ἐπίγραμμα
693 2954 763 3035 quid
792 2955 996 3035 significetur,
1019 2964 1193 3036 promptum
1216 2962 1415 3037 apertumque
1438 2963 1494 3015 est.
1537 2954 1755 3032 Quodcumque
1784 2954 1918 3015 enimin

240 3075 338 3154 aliqua
359 3076 486 3138 materis
507 3075 555 3135 sei
583 3075 710 3135 incisum
733 3074 850 3135 estrei
871 3075 1054 3155 insculptum
1077 3077 1137 3136 hoc
1158 3077 1281 3137 nomine
1308 3077 1458 3136 contineri
1480 3076 1564 3135 verbi
1586 3071 1726 3158 γράφειν
1748 3092 1803 3134 usu
1832 3080 1865 3134 et
1891 3075 1920 3135 vi

239 3191 458 3273 edocemur.²¹)
524 3193 571 3255 Ea
598 3213 658 3273 quo
685 3208 757 3254 vero
784 3193 893 3255 literae
920 3194 1059 3256 inuentae
1087 3204 1120 3256 et
1146 3194 1334 3277 frequentari
1361 3202 1488 3277 coeptae
1516 3202 1600 3270 aunt,
1630 3196 1712 3274 ipsas
1741 3193 1844 3254 literas
1871 3194 1920 3255 rel

237 3335 328 3376 uoces
351 3315 494 3376 marmori
516 3314 617 3375 aerive
636 3314 747 3375 incisas
768 3312 958 3399 ἐπίγραμμα
972 3324 1092 3378 uocatas
1115 3334 1194 3392 esse,
1216 3336 1285 3377 cum
1306 3316 1370 3376 veri
1393 3324 1441 3377 est
1462 3315 1665 3389 simillimum,
1686 3322 1750 3374 tum
1771 3313 1921 3375 ilerodoti

238 3434 414 3497 testimonio
436 3435 635 3496 confirmatur
656 3434 709 3511 (ci.
734 3434 754 3495 l.
778 3433 814 3497 V.
838 3431 1003 3497 obbvss.
1021 3455 1047 3496 c.
1061 3433 1198 3514 228).²²)
1234 3435 1299 3498 Nec
1315 3438 1389 3498 satis
1404 3437 1543 3516 antiquus
1566 3434 1655 3495 modo
1677 3433 1772 3494 luerit
1794 3452 1921 3495 necesse

239 3561 304 3629 eat,
333 3553 388 3615 sed
414 3556 490 3635 ipsis
517 3573 585 3614 cum
614 3550 713 3614 literis
740 3562 828 3616 uatus
855 3574 922 3615 mos
949 3551 981 3616 in
1008 3557 1142 3634 qualibet
1170 3558 1296 3619 materia
1325 3576 1415 3618 voces
1443 3575 1585 3617 versusse
1613 3554 1807 3616 inscribendi.
1850 3552 1918 3614 Etsi

238 3674 318 3734 enim
351 3673 524 3734 Boecithius
556 3672 663 3754 (corp.
691 3673 845 3754 ioscriptt.
868 3682 889 3735 t.
913 3674 935 3736 i.
962 3695 992 3756 p.
1015 3670 1082 3752 63.)
1104 3676 1170 3737 iure
1203 3677 1284 3738 dicat
1314 3677 1401 3736 licias
1434 3694 1518 3750 esse,
1547 3694 1744 3754 quaecunque
1776 3673 1918 3735 heroicae

158 3820 199 3859 ,.·,
237 3793 346 3854 aetatis
368 3791 568 3874 perhibentur
588 3791 814 3873 inscriptiones,
835 3801 869 3856 ut
888 3795 1129 3877 Amphitryonis,
1145 3794 1241 3874 Scaei,
1253 3793 1464 3857 Leodamantis
1485 3795 1515 3855 in
1531 3793 1703 3875 tripodibus
1725 3794 1755 3854 in
1767 3792 1917 3875 Apollinis

236 3913 360 3976 iamenii
390 3910 506 4015 templo
538 3913 716 3988 asservatis,
738 3932 812 3993 quas
837 3913 1013 3976 Herodotus
1046 3935 1080 3976 se
1113 3915 1225 3977 vidisse
1258 3925 1389 3977 testatur
1420 3916 1453 3994 (l.
1476 3912 1513 3976 V.
1536 3934 1562 3975 c.
1583 3909 1661 3988 list),
1683 3919 1716 3975 ut
1737 3912 1853 3975 Thesei
1885 3914 1915 3974 in

235 4034 376 4094 columna
403 4031 564 4094 isthmiaca
586 4032 677 4105 (Piut.
700 4031 795 4095 Thes.
817 4055 843 4096 c.
864 4031 908 4098 td
929 4034 967 4095 cl.
990 4034 1132 4096 Welclter
1153 4036 1173 4098 l.
1195 4038 1214 4097 l.
1236 4056 1265 4096 n.
1286 4031 1374 4118 215.)
1403 4042 1436 4095 ut
1467 4033 1592 4095 thalami
1614 4034 1789 4109 Alcmenae,
1811 4031 1914 4114 (Paua.

236 4152 286 4214 lx.
311 4149 377 4230 ll.)
403 4152 498 4227 aliae3
520 4152 581 4213 etsi
609 4172 646 4213 ex
673 4160 776 4214 aetate
805 4159 875 4215 aute
902 4153 1114 4235 Olympiadum
1144 4156 1279 4229 initium,
1301 4175 1339 4218 ex
1367 4175 1425 4235 quo
1454 4154 1605 4234 Olympici
1632 4156 1764 4216 victores
1790 4152 1915 4214 inscribi

238 4351 537 4362 —-——-

298 4505 353 4569 il)
382 4512 423 4561 Dc
443 4515 492 4561 bac
512 4526 579 4561 voca
600 4525 629 4563 ν.
645 4513 676 4564 ii.
696 4516 733 4566 A.
749 4515 833 4567 Woli.
847 4516 928 4567 Proli.
943 4529 970 4578 p.
987 4515 1074 4566 XLV.
1098 4529 1156 4576 sqq.
1177 4531 1202 4576 p.
1225 4516 1350 4567 cxxxi.
1372 4529 1441 4582 sqq,
1463 4518 1578 4571 Bocchb.
1594 4517 1671 4578 corp.
1686 4513 1816 4575 inscriptt.
1833 4528 1857 4574 p.
1870 4506 1912 4579 9.,

234 4595 368 4645 welcher.
384 4599 487 4664 sylloge
498 4612 540 4660 cp.
555 4613 581 4659 p.
599 4589 658 4648 liii
676 4615 734 4660 sqq.

299 4675 354 4739 ld)
383 4680 426 4733 Ct.
441 4684 519 4732 ctiam
537 4686 671 4735 marmoris
694 4685 793 4736 homas
815 4687 842 4736 tn
863 4688 948 4737 iucem
968 4688 1092 4749 protracti
1109 4686 1316 4752 inscriptionem
1331 4699 1382 4744 uua
1405 4688 1544 4738 deiunctae
1558 4691 1764 4750 praetereunte·
1785 4685 1818 4732 ad
1837 4687 1907 4747 cpi·

235 4778 379 4903 aaaron
395 4781 472 4903 ιθιοιιι
491 4768 633 4837 tegendus
649 4773 745 4823 insint
757 4773 797 4825 ci.
809 4772 907 4825 Jacobs
920 4774 1047 4836 Appcad.
1060 4786 1088 4824 a.
1102 4765 1165 4822 236
1181 4780 1210 4824 ot
1223 4778 1328 4835 propter
1346 4773 1457 4824 disticha
1474 4775 1511 4824 ibi
1533 4779 1638 4824 aarvata
1652 4771 1787 4822 Wclckcr.
1803 4770 1865 4829 ayii.
1880 4784 1908 4821 o.

279 4890 286 4904 .
359 4867 385 4914 p,
442 4891 449 4906 .
465 4866 524 4914 suu.
