4464 5880
1091 495 1141 570 lt)

273 713 445 794 elgnifleere
467 710 600 780 ‹liceret3
620 704 828 767 aenentluntnr
849 724 887 767 ex
908 712 996 786 perte
1018 702 1187 765 Muellerus
1209 711 1242 765 et
1256 704 1472 768 Bernhordlne.
1507 704 1542 766 ln
1556 724 1714 767 uomomm
1728 706 1822 787 igitur
1834 709 1953 773 retione

273 832 452 914 exponendo
473 826 687 907 disputationis
709 844 857 888 nummum
879 827 1009 905 positam
1030 824 1184 900 videmno3
1206 844 1333 905 quornm
1355 827 1383 887 ei
1404 847 1472 889 enm
1492 827 1591 888 lulene
1612 827 1712 888 auimo
1731 828 1896 908 lingerent,
1919 836 1954 891 ut

273 955 351 1014 ennio
372 949 456 1010 titiis
484 953 681 1023 eruerentur,
703 947 824 1009 sublato
850 946 932 1007 omni
953 945 1119 1009 enrmiunm
1147 945 1259 1006 indolis
1285 947 1511 1026 investigandae
1539 947 1739 1024 adminiculo,
1762 949 1954 1011 coniecturae

272 1072 343 1133 linio
363 1067 565 1148 imponendos
587 1075 650 1145 eet,
672 1068 830 1142 nlunero,
853 1084 930 1147 quoe
952 1073 1001 1127 est
1021 1067 1119 1146 ipsine
1146 1065 1255 1127 Ulrieii
1282 1068 1438 1128 sententia
1457 1073 1596 1134 veterum
1618 1067 1802 1130 testimonii·
1818 1068 1953 1143 firmate,

272 1189 370 1251 nomin
395 1189 458 1247 illie
485 1188 593 1249 moulon
620 1189 803 1249 constitutor
829 1186 927 1248 fuine
953 1193 1109 1267 putemne,
1137 1185 1175 1247 ml
1203 1204 1279 1266 qnos
1307 1187 1440 1249 earmina
1461 1194 1661 1262 eruerentur,
1681 1188 1789 1249 horum
1812 1195 1953 1265 metrum,

272 1309 362 1388 qnnle
390 1307 499 1382 luerit,
526 1308 727 1388 indagandum
760 1313 818 1368 ent.
861 1304 930 1368 lloe
958 1307 1118 1385 quominus
1146 1325 1166 1366 a
1191 1325 1281 1368 versu
1306 1308 1434 1370 heroico
1460 1308 1579 1388 longino
1603 1309 1773 1371 reeeeelm
1800 1315 1953 1389 putemne,

271 1447 341 1490 eum
362 1427 393 1487 lul
416 1428 535 1502 obstet,
551 1427 638 1507 quod
658 1433 777 1489 tentum
803 1445 865 1487 nou
887 1426 919 1486 lu
946 1427 1028 1487 omni
1055 1426 1158 1506 poenit
1180 1445 1304 1506 genere,
1326 1428 1427 1507 priene
1456 1435 1558 1490 aetrte
1579 1428 1678 1506 -eulto,
1699 1428 1786 1488 illum
1806 1446 1954 1508 reponere

272 1549 397 1623 aeiumt,
418 1554 483 1610 tum
506 1548 588 1626 qnod
608 1548 692 1608 roeit
713 1544 856 1628 ἐλεγεῖον
882 1547 981 1625 alique
1003 1547 1111 1609 saltem
1131 1547 1211 1608 ratio
1231 1547 1372 1608 lrelrenda
1392 1554 1450 1608 eet.
1496 1547 1530 1607 Si
1551 1548 1645 1627 igitur
1658 1547 1837 1610 hexametro
1848 1555 1955 1629 pento-

272 1675 403 1729 metrnm
424 1667 598 1730 adiunctum
620 1666 718 1728 lninae
740 1683 844 1746 negat,
867 1672 919 1727 ent
940 1667 1015 1727 eliue
1037 1684 1143 1728 verene
1160 1667 1244 1727 illum
1260 1669 1428 1748 exceperit,
1450 1674 1502 1729 ent
1524 1664 1598 1728 nolin
1610 1669 1811 1749 pentametris
1832 1686 1956 1730 carmen

271 1787 427 1849 eonditum
457 1787 553 1850 luerit
584 1806 714 1848 neeesse
746 1794 810 1862 eet,
844 1806 971 1866 quornm
1004 1788 1184 1849 alterutrum
1216 1805 1313 1866 aeque
1344 1787 1559 1866 improbemus.
1610 1786 1747 1866 Nomqne
1773 1787 1848 1849 illud
1876 1786 1956 1867 quod

272 1908 393 1983 attinet,
416 1908 442 1968 ei
465 1908 591 1969 ulterius
613 1926 719 1968 verene
743 1927 901 1968 nnmerum
922 1925 1051 1986 prorsus
1065 1907 1217 1967 diversum
1232 1906 1330 1967 fuitne
1343 1906 1445 1987 lingit,
1466 1907 1808 1985 utrineqneeoneentne
1824 1907 1957 1983 tollitur3

272 2048 365 2107 quere
388 2028 519 2089 eundem
542 2048 611 2088 eum
632 2028 812 2087 hexametro
834 2044 993 2086 numerum
1015 2025 1159 2086 hebuerit
1180 2045 1310 2086 neeesse
1333 2033 1393 2102 eet,
1414 2026 1488 2088 lieet
1509 2027 1681 2087 inconditus
1697 2026 1784 2087 initio
1805 2027 1901 2089 fuerit
1922 2032 1956 2087 et

271 2146 420 2228 gratiotim
441 2153 560 2208 tentum
582 2144 621 2205 ad
641 2144 827 2224 pentametri
848 2144 994 2204 virtutem
1016 2142 1154 2204 exeritur
1176 2142 1271 2220 eit³³>
1314 2145 1395 2206 Solle
1423 2144 1536 2207 deiude
1556 2145 1756 2226 pentametris
1776 2153 1811 2209 ut
1831 2164 1956 2207 carmen

271 2267 392 2347 aliquod
428 2268 489 2328 illie
521 2264 926 2345 proetertlmtemporlbun
959 2261 1115 2323 eonditum
1147 2281 1216 2323 enee
1248 2263 1366 2325 lllrieio
1387 2265 1547 2326 credam
1575 2268 1619 2346 (p.
1643 2260 1739 2344 lm),
1760 2265 1842 2326 lreorl
1861 2265 1956 2327 iaeile

271 2386 474 2461 adducemur3
497 2385 559 2448 etei
581 2385 662 2445 enim
682 2402 896 2463 nonnunquam
918 2380 1060 2462 ἐλεγεῖον
1081 2383 1254 2444 nominetur
1280 2384 1363 2445 noluo
1393 2393 1587 2466 pentameter
1608 2388 1786 2468 (propterea
1813 2384 1954 2461 lortaeae,

271 2504 352 2586 quod
363 2507 454 2567 metrl
466 2505 593 2586 elegiaci
604 2512 734 2585 estpars
745 2504 871 2585 potior),
891 2503 952 2564 etei
969 2503 1124 2563 breviores
1136 2495 1307 2567 tententiae
1325 2525 1384 2566 uno
1395 2513 1589 2586 pentametro
1603 2507 1737 2569 inclutae
1751 2502 1955 2586 lerantnr⁸⁴)t

270 2627 390 2706 integre
421 2632 524 2687 temen
558 2628 693 2687 eermlne
718 2628 780 2687 hoo
812 2642 903 2686 versu
936 2640 996 2685 non
1023 2630 1094 2683 eunt
1121 2622 1300 2703 contituit),
1330 2627 1443 2706 quippe
1471 2627 1522 2706 qui
1557 2628 1595 2688 arl
1629 2633 1811 2708 perpetuum
1840 2625 1956 2706 repeti·

271 2745 387 2809 tionem
409 2763 470 2806 non
492 2746 589 2826 tunglo
609 2754 699 2827 epten
728 2744 883 2818 videatur,
904 2762 995 2822 quem
1015 2743 1225 2823 paroeminene
1251 2753 1283 2804 et
1304 2751 1452 2824 quotquot
1473 2754 1633 2826 praeterea
1660 2749 1691 2806 ln
1713 2741 1956 2829 stropharum⁸⁶)

270 2860 404 2926 elnotule
425 2866 498 2945 poni
518 2865 629 2926 nolent.
666 2862 714 2925 Ex
733 2864 783 2924 hin
799 2863 986 2942 inteligitur,
1010 2862 1087 2923 nihil
1107 2863 1241 2937 obstare,
1263 2863 1423 2942 quominus
1438 2858 1582 2938 earmina,
1598 2882 1675 2942 qnae
1696 2863 1734 2924 ad
1755 2865 1826 2926 illos
1846 2882 1955 2927 nomon

271 2986 419 3047 auleticon
441 2993 642 3058 canerentur,
663 2991 764 3045 metro
785 2983 920 3062 elegiaco
948 2983 1118 3063 composite
1139 2981 1236 3043 foisse
1267 2982 1494 3045 oontenrlemen.
1517 2981 1645 3045 -Nee
1671 2985 1768 3063 magle
1790 2985 1956 3049 audiendae

270 3112 320 3165 eet
345 3105 553 3167 Bernhardion
579 3106 614 3186 (l.
637 3105 664 3166 Ι.·
679 3102 715 3166 ΙΙ.
737 3124 768 3184 p.
796 3098 860 3165 307
888 3104 972 3183 uqq.)
1000 3104 1066 3182 qni,
1088 3120 1256 3182 quenquam
1284 3104 1351 3184 ipee
1378 3104 1507 3183 elegiam
1529 3125 1547 3166 e
1568 3104 1723 3169 flebilibus
1744 3102 1838 3169 tibine
1858 3105 1957 3166 modin

271 3220 419 3304 (ἐλέγοις)
440 3233 538 3286 ortum
560 3242 630 3289 enee
652 3224 735 3298 dielt,
757 3224 915 3303 lugubrem
938 3229 1041 3284 temen
1061 3241 1130 3283 enm
1151 3221 1238 3284 initio
1252 3223 1349 3284 inisse
1363 3233 1527 3304 propterea
1554 3233 1654 3305 negot,
1676 3225 1758 3306 qood
1779 3244 1837 3286 neo
1857 3224 1956 3285 tibici-

272 3344 355 3404 niam
376 3344 462 3404 initio
484 3345 515 3405 iu
535 3344 695 3405 funeribot
716 3343 887 3404 adhibitum
910 3361 980 3404 eoae
1001 3348 1138 3415 constet,
1160 3361 1217 3403 nee
1240 3343 1372 3403 earmina
1392 3350 1526 3417 restent,
1547 3362 1586 3405 ex
1607 3346 1715 3423 qulbnu
1739 3344 1836 3425 quelle
1863 3341 1957 3403 inerit

271 3460 390 3544 eleqiee
417 3464 554 3543 lugubris
580 3461 699 3525 indoleo
725 3472 935 3544 pernoteetur.
979 3461 1056 3524 Nam
1079 3471 1113 3522 nt
1137 3461 1211 3522 lietu
1231 3462 1307 3535 tint,
1329 3481 1407 3542 quae
1427 3461 1467 3524 de
1488 3463 1574 3525 Mida
1594 3483 1669 3544 rege
1689 3464 1844 3542 teruntur,
1865 3481 1956 3544 quem

272 3581 382 3645 Soleae
403 3585 445 3666 (v.
467 3579 589 3667 tlepoc)
616 3584 648 3646 ln
670 3583 776 3645 matrln
804 3584 923 3645 lunere·
941 3583 1023 3643 tibiie
1054 3581 1203 3642 eeeinieoe
1223 3581 1314 3657 ‹lielt3
1335 3601 1413 3662 qnae
1435 3583 1475 3644 de
1496 3582 1627 3665 Olympo
1649 3584 1825 3659 truduntur,
1847 3583 1899 3664 qui
1918 3583 1957 3643 cel

270 3700 412 3765 tibiarum
439 3722 549 3766 nonum
574 3703 724 3785 Pythonit
752 3711 882 3766 mortem
911 3703 948 3763 eb
978 3701 1119 3782 Apolline
1147 3702 1267 3783 uagittlu
1294 3703 1377 3764 eaenl
1404 3701 1566 3765 deflevisse
1591 3703 1776 3784 perhibetur
1802 3702 1895 3783 (Plat.
1916 3700 1958 3760 ate

278 3935 582 3952 *t*

333 4092 389 4157 33)
411 4099 505 4159 Neque
525 4101 551 4149 lu
566 4100 660 4153 Callini
679 4108 707 4152 et
720 4101 872 4151 Archilochi
893 4098 1109 4161 pentametrum
1129 4099 1180 4146 iem
1195 4099 1354 4159 conspicitur
1374 4101 1513 4149 verborum
1534 4105 1561 4148 et
1575 4098 1764 4148 sententiarum
1779 4096 1955 4160 eonelonltae,

272 4198 349 4245 quan
366 4192 457 4247 poatea
479 4188 614 4236 observari
632 4189 768 4255 videmne3
784 4188 823 4236 sie
842 4185 947 4252 vlrgnlt
970 4191 1030 4246 pont
1044 4185 1152 4245 primum
1171 4186 1325 4246 pentametri
1345 4186 1436 4247 pedem
1458 4186 1563 4248 saepius
1584 4184 1669 4247 potita
1684 4183 1872 4234 sententiarum
1892 4181 1955 4229 ordo

273 4272 433 4325 immutatur.

335 4352 390 4418 34)
419 4356 462 4410 Gi.
476 4359 593 4410 lloccklr.
608 4358 638 4411 C.
653 4359 736 4409 luter.
751 4360 777 4410 1.
791 4373 817 4409 n.
835 4351 884 4408 12.
901 4371 927 4418 p.
946 4348 994 4405 32.
1010 4370 1068 4415 aqq.

336 4439 391 4505 ³5)
418 4444 523 4494 Nullloa
535 4446 602 4495 enlm
617 4445 739 4494 momenti
749 4451 811 4495 aunt
825 4442 975 4493 interiorum
989 4443 1123 4504 poetaram
1137 4442 1221 4509 larana,
1235 4441 1319 4492 vetuti
1332 4441 1447 4504 Philippl
1461 4439 1704 4493 Theaaalouioeuala
1716 4437 1866 4489 Anthd’al.
1876 4437 1953 4488 Xlll.

273 4524 302 4584 ¹.
318 4525 642 4676 εὲὓῖνΐῐῗῗοῃοιοέῑῖοᾶο
655 4622 732 4668 metr.
748 4615 825 4666 eron.
839 4627 866 4675 p.
888 4604 964 4661 m:
977 4611 1084 4680 „Prima
1099 4617 1186 4662 tutem
1202 4619 1229 4662 ot
1245 4612 1350 4663 minima
1369 4614 1477 4663 mutatio
1497 4613 1534 4661 ita
1548 4611 1668 4659 inatitnta
1688 4617 1737 4681 ent,
1755 4616 1785 4659 at
1807 4609 1954 4659 lrextmetro

272 4703 399 4764 dactylico
410 4704 513 4754 horolen
524 4703 624 4767 opertu
638 4708 810 4765 apponeretur
824 4713 855 4749 ox
871 4698 1001 4760 tuplleato
1013 4699 1128 4749 trimetro
1143 4699 1294 4748 nataleetleo
1308 4698 1336 4749 in
1355 4698 1498 4771 aylltlranrq
1510 4698 1580 4747 unde
1600 4703 1662 4746 nuta
1678 4697 1784 4760 prime
1797 4702 1891 4758 scrop
1900 4695 1954 4758 lto,

272 4789 409 4841 ttattctu
423 4790 569 4858 elegiacum
583 4796 714 4840 cantaturo
730 4789 763 4838 au
778 4777 884 4838 tllrlaa.“
