4464 5880
1089 513 1141 587 20

274 725 330 785 hus
353 720 540 802 argumentis
563 724 595 779 et
609 718 778 780 rationibus
793 724 946 794 contenta,
968 726 1031 779 tnm
1048 719 1138 798 quod,
1160 720 1198 780 iis
1214 721 1317 800 poesis
1337 722 1512 801 generibus,
1535 742 1612 802 quse
1626 725 1742 787 maiore
1764 728 1961 808 amplitudine

273 842 420 903 maiorem
442 842 551 920 parant
571 837 708 913 laudem,
729 836 783 897 ilia
814 843 915 898 aetate
937 858 1027 916 quam
1048 838 1178 899 maxime
1199 839 1397 916 florentibus,
1420 843 1527 921 exigua
1554 842 1631 903 haec
1650 846 1801 922 ¹podmata
1825 846 1960 909 noudum

271 968 415 1039 tanquam
438 957 591 1036 singulare
613 956 734 1036 aliquod
754 975 867 1036 genus,
889 963 924 1016 nt
944 962 1053 1037 postea
1074 957 1189 1019 lactum
1210 965 1275 1035 est,
1297 958 1449 1021 elaborari
1471 967 1504 1022 ct
1523 961 1633 1022 variari
1655 968 1766 1041 coepta
1787 968 1868 1024 snut.
1910 963 1958 1026 Ah

269 1079 326 1142 his,
341 1076 495 1157 primariis
520 1076 683 1155 generibus
712 1075 820 1154 quihus
842 1075 935 1135 veluti
967 1075 1111 1154 gradihus
1143 1077 1180 1138 sd
1202 1078 1261 1138 alia
1282 1079 1413 1159 posthac
1433 1080 1597 1142 transitum
1619 1078 1670 1153 sit,
1691 1079 1792 1158 aliqua
1813 1099 1852 1143 ex
1873 1086 1962 1161 parte

270 1196 415 1276 cognosci
447 1200 561 1274 potest.
606 1194 659 1255 Sic
691 1213 729 1254 ex
761 1212 888 1273 operum
921 1193 1212 1275 aaagtyphoramffl)
1234 1197 1266 1258 in
1298 1198 1504 1260 monumentis
1536 1197 1756 1277 sepulcralihus
1778 1199 1961 1280 interpreta-

269 1316 354 1378 tione
375 1315 482 1394 (Anth.
505 1312 645 1396 Pshllll.
658 1307 745 1392 710),
767 1312 815 1372 vel
838 1330 877 1372 ex
898 1312 1066 1374 tabularum
1088 1317 1249 1394 pictarum,
1270 1316 1336 1378 Diis
1358 1323 1616 1393 consecratarum,
1630 1315 1838 1397 descriptione
1854 1317 1961 1397 (duih.

269 1428 596 1510 Pal.Vl.134)orta
629 1439 677 1493 est
698 1450 864 1512 permagna
895 1431 947 1491 illa
979 1436 1313 1512 praestantissimorum
1339 1432 1594 1516 epigrammatum
1626 1436 1731 1516 copis,
1753 1435 1864 1515 quihus
1884 1436 1960 1497 artis

270 1572 364 1633 opera
385 1552 594 1624 illustranlnr3
616 1551 662 1611 sic
683 1550 816 1612 satiricis
839 1551 1067 1629 epigrammatis
1089 1552 1236 1632 praelusit
1257 1551 1431 1615 Simonides
1447 1554 1554 1634 (Anth.
1567 1552 1630 1618 Psi.
1652 1551 1717 1615 vll.
1739 1547 1806 1616 318
1815 1570 1954 1633 usupra.

267 1692 300 1752 p.
325 1668 407 1750 17.);
430 1668 475 1732 sic
498 1670 758 1732 contentiosorum
771 1669 859 1729 initia
880 1669 978 1730 luisse
998 1670 1164 1732 verisimile
1185 1679 1234 1733 est
1247 1672 1475 1752 epigrammata,
1489 1672 1591 1752 qualia
1615 1690 1707 1752 supra
1722 1677 1960 1733 commemorata

271 1797 342 1852 sunt
354 1809 384 1869 p.
397 1785 447 1851 18:
460 1808 527 1850 ann.
550 1785 608 1862 58,
631 1788 676 1849 stc
698 1786 829 1866 denique
852 1807 890 1849 ex
912 1787 1078 1851 Simonidis
1100 1791 1319 1870 epigrammate
1339 1791 1371 1852 iu
1392 1810 1496 1852 arcum
1517 1800 1589 1870 post
1609 1790 1725 1851 hellam
1745 1788 1905 1851 Persicum
1925 1789 1959 1850 in

270 1909 429 1971 Minervae
461 1908 579 1987 tempto
611 1906 785 1985 depositum
806 1906 913 1976 (Anth.
944 1905 1008 1967 Pal.
1031 1906 1081 1969 Vl.
1102 1904 1149 1986 2),
1171 1916 1204 1969 et
1225 1905 1257 1969 in
1279 1910 1398 1970 hastam
1431 1910 1541 1970 crebro
1563 1927 1621 1970 usu
1641 1909 1748 1970 tritam
1769 1913 1803 1968 et
1823 1908 1855 1968 lu
1875 1906 1959 1968 Joais

269 2025 476 2107 Panomphael
505 2025 621 2106 templo
650 2043 830 2103 suspensam
859 2024 964 2100 (Antii.
986 2024 1049 2086 Pal.
1072 2025 1123 2089 Vl.
1145 2022 1202 2106 52)
1229 2034 1334 2089 natum
1361 2035 1411 2089 est
1437 2028 1468 2087 id
1491 2028 1743 2108 epigrammatum
1764 2044 1877 2105 genus,
1900 2043 1961 2103 quo

268 2148 551 2219 instrumentorum,
572 2144 683 2224 quihus
704 2142 772 2221 quis
793 2143 826 2202 iu
847 2149 914 2203 arte
935 2151 988 2204 aut
1008 2144 1039 2204 in
1061 2144 1185 2224 opificio
1207 2164 1281 2207 usus
1302 2153 1378 2221 erat,
1401 2147 1592 2208 consecratio
1613 2145 1794 2208 celchratnr.

966 2463 1270 2478 Q

1045 2750 1123 2824 ott.
1156 2751 1190 2822 i.

332 2967 452 3045 Restat,
473 2973 508 3029 ut
529 2967 635 3049 paucis
655 2967 757 3029 verhis
778 2967 990 3029 demonstrare
1012 2983 1169 3039 conemur,
1189 2962 1342 3043 quomodo
1364 2962 1478 3024 factum
1508 2962 1564 3040 sit,
1585 2968 1619 3022 ut
1646 2962 1843 3042 epigramma,
1869 2980 1962 3042 anpo-

271 3086 328 3150 stis
349 3086 449 3149 nudae
469 3083 677 3164 inscriptionis
698 3082 810 3146 tlnihns
833 3090 951 3146 mature
972 3083 1100 3157 relictis,
1121 3081 1161 3143 ad
1182 3081 1258 3143 artis
1279 3083 1497 3163 praestantiam
1520 3088 1552 3144 ct
1572 3077 1717 3143 simulem
1737 3081 1940 3143 excoleretur.

334 3203 395 3265 Uhi
417 3207 448 3265 in
471 3205 611 3266 columna
631 3203 795 3265 Isthmiaca
814 3202 940 3281 Thesei,
962 3222 1039 3282 quae
1060 3202 1171 3275 fartus,
1194 3197 1476 3282 inscriptioncm⁶⁴)
1499 3200 1646 3280 legimus:
1695 3194 1777 3263 Tot
1804 3192 1878 3280 cdxl
1896 3200 1961 3262 110·

270 3320 482 3408 λοπόννησος,
507 3316 582 3384 ἀλλ’
600 3317 719 3399 Ἰωνία,
742 3323 862 3404 pulchri
884 3341 978 3384 sensu
989 3341 1050 3383 noo
1062 3338 1297 3396 commoremur,
1308 3320 1362 3380 sed
1378 3319 1543 3380 edocemur
1554 3326 1681 3396 tantum,
1704 3337 1761 3380 nos
1779 3319 1812 3379 in
1826 3317 1960 3379 confinio

271 3438 390 3503 illarum
418 3451 571 3505 terrarum
600 3450 700 3518 stara;
722 3442 803 3503 nuda
831 3449 880 3504 est
911 3441 1006 3522 igitur
1033 3439 1192 3521 inscriptio
1213 3441 1380 3520 pulicisque
1401 3457 1522 3519 expers,
1545 3438 1658 3521 quippo
1680 3438 1778 3499 solam
1799 3436 1962 3499 utilitatem

271 3567 423 3644 spectans.
468 3562 533 3625 Nec
555 3563 651 3643 magis
672 3562 794 3644 poitica
817 3567 897 3635 sunt,
919 3579 996 3638 quae
1016 3559 1210 3639 Hipparchus
1232 3560 1263 3620 lo
1284 3559 1409 3619 Hermia
1431 3559 1600 3620 inscribere
1622 3553 1806 3635 solebat⁶⁶):

619 3675 674 3743 Ἕν
695 3683 805 3760 μέσσῳ
828 3701 863 3760 γε
888 3677 989 3761 Θρίης
1010 3698 1047 3741 τε
1068 3677 1125 3740 καὶ
1147 3673 1273 3753 ἄστεος,
1297 3665 1387 3762 ἆνερ,
1411 3669 1459 3740 ὅδ’
1472 3672 1605 3762 Ἑρμῆς·

624 3799 752 3883 Μνῆμα
773 3792 844 3862 τόδ’
863 3792 1060 3881 Ἱππάρχου·
1083 3801 1189 3878 στεῖχε
1211 3795 1322 3860 δίκαια
1344 3798 1484 3881 φρενῶν.

626 3918 755 4003 Μνῆμα
775 3912 848 3981 τόδ’
866 3910 1062 4001 Ἱππάρχου·
1084 3936 1129 4000 μη
1152 3914 1251 4001 φίλον
1272 3912 1432 3992 ἐξαπάτα.

271 4041 341 4121 quia
362 4059 381 4101 e
402 4057 438 4099 re
459 4038 619 4118 proposita
650 4058 711 4101 non
745 4037 972 4119 cognoscimus,
996 4056 1049 4097 cur
1081 4036 1142 4098 hoc
1174 4034 1261 4096 uoltis
1293 4035 1506 4115 praecipiatur.
1551 4031 1584 4094 Sl
1604 4048 1689 4107 uero,
1711 4028 1772 4094 levi
1793 4027 1962 4092 mutatione

271 4158 362 4237 lacta,
394 4158 463 4240 lpse
484 4154 668 4235 Mercurius,
701 4156 877 4220 commercii
909 4174 1047 4238 praeses,
1076 4174 1110 4217 sc
1142 4153 1218 4229 riae,
1239 4151 1325 4214 culos
1357 4150 1389 4215 ln
1422 4151 1522 4214 medlo
1544 4150 1664 4232 positus
1686 4156 1780 4226 esset,
1803 4142 1962 4212 custodem

291 4528 295 4537 ·
336 4500 392 4566 63)
421 4506 465 4557 ns
476 4507 568 4555 horum
577 4504 608 4553 vt
622 4509 650 4553 st
664 4502 856 4571 sigoltestioue
867 4502 903 4554 ol.
914 4501 1116 4560 Weiskeraylt.
1129 4513 1156 4561 p.
1174 4493 1235 4551 134
1247 4513 1307 4559 suu.
1330 4499 1418 4551 Alitar
1427 4499 1600 4551 atstaithad.
1611 4495 1815 4548 iirledlaeudsrr
1829 4493 1862 4545 do
1875 4491 1960 4555 operi·

271 4595 323 4643 bas
336 4591 493 4660 anaglyphis
508 4591 536 4640 lu
550 4591 723 4641 monumentis
737 4590 850 4651 sepulcr.
865 4601 922 4656 gn.
936 4587 1105 4654 Regiamautl
1121 4579 1213 4635 1847.
1235 4580 1274 4636 Dc
1290 4585 1422 4637 sirenibus
1437 4600 1465 4650 p,
1481 4579 1520 4635 32
1537 4598 1597 4644 squ.

337 4670 394 4735 dd)
421 4677 581 4728 Weiskerl.
597 4677 659 4727 ln.
675 4668 748 4726 215.

337 4756 393 4824 on)
421 4763 548 4814 Walckcr
562 4763 580 4813 l.
595 4762 614 4813 l.
626 4775 656 4813 n.
669 4754 741 4813 lli.
763 4760 878 4811 naseu·
892 4757 975 4822 corp.
985 4759 1071 4810 lusor.
1085 4771 1116 4808 u.
1133 4749 1171 4806 lh
1190 4771 1220 4818 p.
1234 4749 1274 4805 ³2
1289 4770 1350 4816 squ.
