4464 5880
1108 554 1131 626 2

278 767 429 841 delibavit,
451 771 595 842 quantum
617 763 646 822 ei
666 761 703 823 ad
725 762 870 840 cuiusque
891 761 1022 840 generis,
1044 761 1125 821 velut
1147 761 1296 837 amatorii,
1318 762 1506 842 sepulcralis,
1528 764 1655 825 aliorum
1678 764 1810 827 indolem
1846 787 1963 848 cogno·

278 886 419 948 scendum
443 884 586 944 sufficere
600 879 767 942 videbatur.
803 882 869 958 Qua
882 881 939 940 riri
954 880 1130 958 ceteroquin
1145 880 1241 960 ignoti
1257 880 1419 941 sedulitate
1434 883 1493 943 etsi
1509 902 1606 972 neque
1621 887 1730 960 omnia,
1753 906 1810 947 nec
1824 886 1961 949 fortasse

279 1007 393 1086 optima
423 1023 559 1082 quaeque
587 1002 789 1081 antiquiorum
817 1001 977 1080 praecipue
1004 1001 1162 1080 potiturum
1192 1001 1408 1081 epigrammata
1441 1011 1560 1064 servata
1591 1003 1721 1081 inerint,
1750 1025 1827 1086 opus
1854 1014 1958 1068 tamen

278 1125 432 1185 conditum
460 1132 523 1198 est,
556 1143 614 1201 quo
646 1142 715 1183 cnm
742 1128 790 1182 sut
815 1121 900 1200 larga
927 1121 1109 1200 praebeatur
1139 1122 1391 1202 epigrammatum
1418 1123 1544 1203 copiae
1572 1125 1682 1203 priscis
1714 1125 1775 1186 illis
1802 1127 1958 1188 thesauris

278 1246 458 1325 petitorum,
481 1252 622 1323 tanquam
653 1241 849 1302 fundamento
879 1247 965 1300 utare
992 1241 1030 1302 ad
1057 1240 1198 1301 indicium
1228 1240 1267 1300 de
1294 1241 1558 1321 epigrammaticac
1581 1243 1769 1304 Graecorum
1798 1246 1901 1326 poesis
1924 1255 1958 1308 et

276 1364 379 1425 indole
400 1373 432 1425 et
452 1382 617 1443 progressu
638 1361 734 1442 probe
749 1360 928 1421 iaciendum.
966 1359 1025 1421 Hic
1045 1361 1123 1421 liber
1138 1359 1331 1440 Cephalanns
1353 1368 1424 1441 post
1440 1364 1521 1421 varia
1541 1361 1640 1442 fata2)
1663 1365 1783 1425 tandem
1806 1366 1956 1426 editorem

277 1492 382 1545 nactus
411 1490 459 1544 est
480 1482 722 1543 Fridericum
750 1479 768 1540 J
775 1481 989 1556 acobsium,
1017 1482 1091 1557 „cni
1119 1481 1170 1540 nni
1193 1480 1262 1560 plus
1284 1480 1377 1540 debet
1399 1481 1505 1541 salutis
1527 1489 1559 1541 et
1580 1486 1750 1544 ornamenti
1772 1484 1957 1564 Antbologia

276 1624 394 1683 graeca,
416 1622 503 1681 quam
525 1602 636 1661 ceteris
659 1597 812 1678 omnibus,
835 1609 983 1679 quotquot
1004 1601 1180 1661 suavissimo
1202 1601 1274 1661 hnic
1295 1599 1452 1660 Musarum
1475 1600 1652 1661 diverticulo
1675 1623 1798 1683 operam
1827 1604 1957 1683 aliquam

275 1723 468 1784 tribuerunt*
480 1719 512 1800 ³).
558 1720 694 1799 Namque
715 1726 840 1800 praeter
859 1726 976 1780 textum
998 1721 1036 1780 ad
1057 1719 1170 1781 codicis
1198 1718 1327 1781 Palatini
1352 1720 1444 1780 tidem
1472 1727 1612 1781 accurate
1641 1723 1835 1782 constitutum
1859 1723 1956 1785 utilis·

276 1845 419 1922 simisque
435 1842 615 1902 illustratum
638 1841 864 1901 commentariis
887 1859 944 1900 nec
959 1842 1080 1917 quaein
1095 1840 1232 1902 Palatino
1247 1841 1360 1901 omissa
1375 1839 1546 1901 Planudeae
1562 1841 1620 1900 soli
1635 1841 1786 1902 debentur
1806 1844 1955 1923 epigram-

275 1969 354 2023 mata
377 1962 506 2022 adiicere
543 1979 599 2020 nec
630 1958 776 2037 colligere
809 1955 954 2037 neglexit,
987 1978 1062 2036 qnae
1089 1980 1126 2019 re
1170 1961 1248 2040 apud
1281 1968 1401 2021 veteres
1425 1961 1591 2040 scriptores
1619 1961 1666 2021 rel
1693 1963 1724 2022 in
1752 1963 1955 2024 marmoribus

274 2091 391 2145 serrata
413 2088 492 2155 sunt,
515 2081 628 2139 utiam
651 2097 710 2138 nno
732 2078 792 2138 hoc
815 2097 918 2157 opere,
941 2096 1017 2155 qnae
1039 2077 1077 2136 de
1106 2079 1321 2158 epigrammate
1343 2082 1511 2141 accuratius
1533 2083 1709 2158 quaesituro
1736 2102 1812 2162 opus
1840 2091 1955 2158 essent,

272 2205 373 2264 omnia
405 2202 533 2261 collecta
564 2218 598 2259 ac
629 2218 727 2279 paene
759 2197 898 2259 coniecta
930 2195 1112 2257 viderentur.
1160 2199 1302 2259 Attamen
1329 2203 1477 2261 acerrimo
1505 2201 1587 2260 inter
1616 2208 1768 2260 nostrates
1797 2202 1954 2268 literarum

272 2308 448 2403 graecarum
472 2318 571 2379 studio
586 2336 714 2379 accenso
736 2336 804 2377 curn
831 2314 968 2397 supellex
990 2316 1125 2377 literaria
1146 2318 1177 2376 in
1199 2314 1265 2378 dies
1285 2327 1456 2399 angeretur,
1479 2320 1570 2380 etiarn
1593 2319 1664 2379 huic
1685 2321 1729 2379 rei
1753 2319 1831 2379 band
1847 2339 1954 2399 parum

273 2450 305 2503 et
326 2439 506 2501 incrementi
526 2444 558 2498 et
579 2438 722 2518 praesidii
744 2437 873 2497 accessit
906 2455 923 2495 e
945 2433 1123 2515 Boeclsbii4)
1146 2444 1177 2497 et
1202 2435 1384 2518 welclerit)
1407 2439 1508 2513 libris,
1531 2458 1588 2500 nec
1610 2438 1782 2513 doluerunt,
1804 2440 1954 2518 quicum

272 2561 426 2622 Palatinus
449 2558 549 2619 multis
572 2559 602 2618 in
624 2557 700 2618 locis
723 2564 828 2637 aperte
850 2556 1030 2647 depravatus
1053 2557 1103 2630 sit,
1125 2558 1350 2637 epigrammatis
1373 2561 1448 2619 artis
1471 2560 1594 2621 criticae
1617 2580 1676 2640 ope
1698 2558 1893 2620 emendandis
1922 2567 1954 2620 et

272 2683 303 2741 in
325 2679 486 2761 pristinum
509 2679 640 2738 nitorem
663 2675 859 2736 restituendis
883 2695 1007 2757 operam
1028 2683 1182 2736 navarent.

332 2800 391 2861 Diu
411 2807 482 2860 ante
503 2799 700 2859 instauratam
722 2796 937 2875 Antbologiam
961 2816 1030 2857 cum
1056 2796 1168 2856 misere
1201 2795 1298 2855 adhuc
1323 2795 1449 2856 disiecta
1483 2796 1684 2877 sordibusque
1715 2818 1811 2877 paene
1845 2799 1954 2860 obruta

270 2923 414 2994 iacerent,
437 2918 564 2980 naturali
586 2926 687 2978 tamen
709 2922 867 2978 venustate
889 2935 1025 2995 quaeque
1047 2915 1127 2976 nulla
1149 2934 1279 2993 unquam
1293 2922 1464 2996 temporum
1486 2917 1644 2995 iniquitate
1658 2937 1785 2998 prorsus
1807 2920 1955 2999 restingui

271 3047 411 3122 potuerat
426 3037 649 3121 pnlclrritndine
664 3039 741 3098 baec
753 3036 906 3118 poematia
923 3036 1093 3096 doctiorum
1108 3034 1263 3096 bominum
1281 3033 1399 3096 animos
1414 3037 1489 3098 adeo
1510 3036 1676 3098 allexerant
1691 3038 1954 3118 devinxerantque

271 3167 304 3220 ut
326 3161 376 3221 alii
398 3157 650 3239 colligendorum,
673 3156 946 3230 emendandorum‚
970 3153 1234 3237 perpoliendomm
1257 3157 1315 3217 sibi
1338 3164 1493 3217 sumerent
1519 3158 1673 3231 laborem,
1695 3158 1763 3233 alii,
1789 3178 1825 3218 re
1852 3157 1953 3239 paullo

271 3280 358 3340 altius
380 3280 525 3360 repetita,
546 3278 585 3339 de
607 3278 692 3351 artis,
714 3297 772 3356 qna
794 3276 916 3337 condita
938 3281 1051 3352 essent,
1074 3282 1181 3335 natura
1203 3282 1234 3334 et
1255 3276 1356 3337 indole
1379 3285 1570 3356 quaererent,
1593 3286 1839 3358 argumentorum
1861 3277 1953 3337 ratio·

271 3419 339 3459 nem
354 3398 576 3474 adumbrarent,
592 3397 716 3458 notione
731 3397 860 3475 denique
877 3415 997 3475 quoquo
1013 3393 1104 3455 modo
1119 3394 1254 3471 definita,
1270 3405 1354 3456 certa
1369 3397 1515 3476 quaedam
1530 3417 1642 3477 genera
1658 3405 1793 3460 statuere
1808 3414 1952 3457 conaren·

271 3530 328 3579 tur.
374 3518 557 3599 Singillatim
579 3518 617 3577 de
645 3519 864 3598 epigrammate
894 3517 953 3576 iam
976 3515 1126 3576 Graecum
1148 3515 1304 3576 hominem
1325 3517 1504 3597 scripsisse,
1526 3516 1760 3598 Neoptolemum
1781 3516 1952 3591 Parianum‚

232 3724 235 3729 Δ
271 3638 447 3699 lltlaenaeus
476 3648 581 3699 auctor
603 3646 652 3699 est
673 3639 706 3717 (l.
729 3638 767 3699 X.
792 3659 822 3719 p.
844 3632 908 3697 454
930 3632 1023 3715 W),
1045 3636 1129 3696 cuius
1151 3645 1273 3716 praeter
1295 3656 1404 3698 nomen
1427 3639 1503 3699 nibil
1526 3646 1574 3699 cst
1600 3636 1757 3718 reliquum.
1803 3638 1862 3716 Qui
1882 3644 1954 3718 post

269 3765 390 3818 renatas
413 3757 517 3818 literas
539 3758 577 3821 de
600 3758 818 3839 epigrammate
839 3764 968 3838 egerunt
989 3756 1037 3816 vel
1059 3756 1197 3816 inlibris
1220 3755 1454 3837 singularibus⁷)
1474 3758 1522 3817 vel
1544 3759 1575 3818 in
1588 3757 1828 3819 institutionibus
1849 3756 1954 3836 poeti-

269 3877 354 3957 cis⁸),
377 3898 453 3956 quac
476 3878 559 3938 utilia
581 3886 813 3960 proposuerant,
834 3878 866 3937 in
888 3897 953 3937 rem
975 3896 1060 3937 suam
1075 3882 1301 3951 converterunt,
1322 3896 1414 3957 prave
1436 3877 1587 3957 disputata
1609 3878 1780 3939 refutarunt
1801 3876 1860 3936 duo
1883 3876 1951 3948 viri,

271 4098 573 4109 -—.-—.—.

332 4252 365 4315 l)
396 4255 539 4303 Narrantnr
553 4269 568 4302 a
583 4257 627 4307 Fr.
643 4257 765 4304 Jacobsio
781 4257 806 4303 in
822 4256 901 4304 Proll.
917 4257 950 4304 ad
965 4258 1100 4308 rom.V1.
1118 4259 1160 4308 ed.
1176 4259 1250 4318 Lips.

333 4337 366 4400 3)
391 4342 432 4390 Pa
442 4343 551 4390 ssorii
566 4346 646 4391 rerba
661 4349 723 4390 suin
737 4343 762 4390 in
779 4343 930 4401 quaestione
944 4344 978 4391 de
992 4344 1113 4411 vestigiis
1129 4356 1279 4392 coronarunt
1290 4340 1418 4407 Meleagri
1433 4347 1461 4388 et
1474 4339 1586 4399 Philippi
1601 4339 1628 4385 in
1643 4334 1804 4384 Constantini
1819 4334 1950 4398 Cepbalae

268 4431 428 4494 Antbologia
442 4429 555 4489 Opuscc.
569 4431 668 4478 Aradd.
684 4423 791 4490 p.187.

333 4513 366 4574 tl)
391 4514 491 4575 Corpus
507 4516 698 4574 inscriptionum
714 4527 876 4579 graecarum.
921 4516 1007 4565 Berol.
1026 4508 1106 4562 1828
1124 4529 1180 4573 sqq.

332 4597 365 4658 5)
392 4602 502 4665 Sylloge
518 4600 728 4664 epigrammatum
745 4613 848 4665 graece.
868 4615 897 4648 ex
913 4600 1083 4650 marmoribus
1099 4605 1125 4647 et
1139 4599 1212 4647 libris
1228 4599 1334 4648 Bonnae
1352 4590 1442 4645 1828.

332 4680 364 4744 tt)
395 4686 435 4736 cr.
450 4687 547 4733 uacans
563 4686 580 4733 ι.
597 4685 614 4733 ι.
630 4700 655 4746 μ,
668 4687 795 4735 xxxva

333 4768 364 4829 7)
392 4773 504 4820 Laudati
520 4772 626 4819 suntab
642 4772 757 4821 ilerdero
773 4786 887 4837 opernm,
903 4786 970 4831 quae
985 4774 1018 4820 ad
1032 4773 1114 4819 bonas
1129 4771 1217 4818 literas
1232 4769 1369 4833 pertinent,
1385 4772 1453 4813 torno
1468 4765 1506 4815 X.
1521 4781 1546 4826 p.
1564 4758 1633 4815 103.

331 4853 364 4913 8)
390 4860 537 4925 Diligenter
547 4857 672 4906 indicarit
683 4856 811 4908 Gentbins
827 4860 853 4908 in
868 4871 994 4908 novorum
1005 4857 1137 4908 annalium
1148 4854 1309 4922 Pacdagogil
1322 4852 1561 4918 magdeburgensis
1577 4851 1673 4902 tomol.
1685 4848 1804 4902 lasc.iV.
1819 4863 1845 4910 p.
1857 4842 1948 4909 [sqq.
